<html class="dark"><head><script type="text/javascript" async="" src="https://cdn.edkt.io/rNn9xk/edgekit.min.js"></script><meta charset="utf-8">
<meta name="viewport" content="width=device-width">

<title>[Gen 9] BSS Reg G: tenxneko vs. tatarere - Replays - Pokémon Showdown!</title>

<meta name="description" content="Watch a replay of a Pokémon battle between tenxneko and tatarere! Format: [Gen 9] BSS Reg G; Date: Feb 25, 2025">
<!--

Hey, you! Looking in the source for the replay log?

You can find them in JSON format, just add `.json` at the end of a replay URL.

https://replay.pokemonshowdown.com/gen7randomdoublesbattle-865046831.json

Or, if you only need the log itself, add `.log` instead:

https://replay.pokemonshowdown.com/gen7randomdoublesbattle-865046831.log

-->

<link rel="stylesheet" href="//pokemonshowdown.com/style/global.css?0.33511372851231">
<link rel="stylesheet" href="//play.pokemonshowdown.com/style/font-awesome.css?0.5883895382621385">
<link rel="stylesheet" href="//play.pokemonshowdown.com/style/battle.css?0.10240648377952621">
<link rel="stylesheet" href="//play.pokemonshowdown.com/style/utilichart.css?0.5738233469631782">

<!-- Global site tag (gtag.js) - Google Analytics -->
<script async="" src="https://secure.cdn.fastclick.net/js/cnvr-coreid/latest/coreid.min.js"></script><script async="" src="https://secure.cdn.fastclick.net/js/cnvr-launcher/latest/launcher.min.js"></script><script src="https://cdn.hadronid.net/hadron.js?url=https%3A%2F%2Freplay.pokemonshowdown.com%2Fgen9bssregg-2307544576&amp;ref=&amp;_it=amazon&amp;partner_id=288"></script><script src="https://rules.quantcount.com/rules-p-Hwnr8j7tWA3Nu.js" async=""></script><script type="text/javascript" async="" src="https://www.google-analytics.com/analytics.js"></script><script type="text/javascript" async="" src="https://www.googletagmanager.com/gtag/js?id=G-8B1DJVGJ9K&amp;l=dataLayer&amp;cx=c&amp;gtm=457e52o0za200&amp;tag_exp=101732279~101732281~102067808~102482433~102539968~102558064~102587591~102605417~102640600~102658453~102717421"></script><script async="" src="https://www.googletagmanager.com/gtag/js?id=UA-26211653-1"></script>
<script>
  window.dataLayer = window.dataLayer || [];
  function gtag(){dataLayer.push(arguments);}
  gtag('js', new Date());

  gtag('config', 'UA-26211653-1');
</script>
<!-- End Google Analytics -->
<!-- Venatus Ad Manager - Install in <HEAD> of page -->
	<script src="https://hb.vntsm.com/v3/live/ad-manager.min.js" type="text/javascript" data-site-id="642aba63ec9a7b11c3c9c1be" data-mode="scan" async=""></script>
<!-- / Venatus Ad Manager -->

<style>
	@media (max-width:820px) {
		.battle {
			margin: 0 auto;
		}
		.battle-log {
			margin: 7px auto 0;
			max-width: 640px;
			height: 300px;
			position: static;
		}
	}
	.optgroup {
		display: inline-block;
		line-height: 22px;
		font-size: 10pt;
	}
	.optgroup .button {
		height: 25px;
		padding-top: 0;
		padding-bottom: 0;
	}
	.optgroup button.button {
		padding-left: 12px;
		padding-right: 12px;
	}
	.linklist {
		list-style: none;
		margin: 0.5em 0;
		padding: 0;
	}
	.linklist li {
		padding: 2px 0;
	}
	.sidebar {
		float: left;
		width: 320px;
	}
	.bar-wrapper {
		max-width: 1100px;
		margin: 0 auto;
	}
	.bar-wrapper.has-sidebar {
		max-width: 1430px;
	}
	.mainbar {
		margin: 0;
		padding-right: 1px;
	}
	.mainbar.has-sidebar {
		margin-left: 330px;
	}
	@media (min-width: 1511px) {
		.sidebar {
			width: 400px;
		}
		.bar-wrapper.has-sidebar {
			max-width: 1510px;
		}
		.mainbar.has-sidebar {
			margin-left: 410px;
		}
	}
	.section.first-section {
		margin-top: 9px;
	}
	.blocklink small {
		white-space: normal;
	}
	.button {
		vertical-align: middle;
	}
	.replay-controls {
		padding-top: 10px;
	}
	.replay-controls h1 {
		font-size: 16pt;
		font-weight: normal;
		color: #CCC;
	}
	.pagelink {
		text-align: center;
	}
	.pagelink a {
		width: 150px;
	}
	.textbox, .button {
		font-size: 11pt;
		vertical-align: middle;
	}
	@media (max-width: 450px) {
		.button {
			font-size: 9pt;
		}
	}
</style>

<script type="text/javascript" src="https://hb.vntsm.com/v3/live/ad-manager-bundle.min.js" async=""></script><script type="text/javascript" src="https://ats.rlcdn.com/ats.js" async=""></script><script type="text/javascript" src="https://securepubads.g.doubleclick.net/tag/js/gpt.js" async=""></script><style>
          .vm-placement[data-rejected=true]>div[id^=google_ads_iframe] {
            display: none;
          }
          </style><script type="text/javascript" src="https://c.amazon-adsystem.com/aax2/apstag.js" async=""></script><script type="text/javascript" src="https://secure.quantserve.com/quant.js" async=""></script><script type="text/javascript" src="https://pub.doubleverify.com/dvtag/34896827/DV1430477/pub.js" async=""></script><meta http-equiv="origin-trial" content="AlK2UR5SkAlj8jjdEc9p3F3xuFYlF6LYjAML3EOqw1g26eCwWPjdmecULvBH5MVPoqKYrOfPhYVL71xAXI1IBQoAAAB8eyJvcmlnaW4iOiJodHRwczovL2RvdWJsZWNsaWNrLm5ldDo0NDMiLCJmZWF0dXJlIjoiV2ViVmlld1hSZXF1ZXN0ZWRXaXRoRGVwcmVjYXRpb24iLCJleHBpcnkiOjE3NTgwNjcxOTksImlzU3ViZG9tYWluIjp0cnVlfQ=="><meta http-equiv="origin-trial" content="Amm8/NmvvQfhwCib6I7ZsmUxiSCfOxWxHayJwyU1r3gRIItzr7bNQid6O8ZYaE1GSQTa69WwhPC9flq/oYkRBwsAAACCeyJvcmlnaW4iOiJodHRwczovL2dvb2dsZXN5bmRpY2F0aW9uLmNvbTo0NDMiLCJmZWF0dXJlIjoiV2ViVmlld1hSZXF1ZXN0ZWRXaXRoRGVwcmVjYXRpb24iLCJleHBpcnkiOjE3NTgwNjcxOTksImlzU3ViZG9tYWluIjp0cnVlfQ=="><meta http-equiv="origin-trial" content="A9wSqI5i0iwGdf6L1CERNdmsTPgVu44ewj8QxTBYgsv1LCPUVF7YmWOvTappqB1139jAymxUW/RO8zmMqo4zlAAAAACNeyJvcmlnaW4iOiJodHRwczovL2RvdWJsZWNsaWNrLm5ldDo0NDMiLCJmZWF0dXJlIjoiRmxlZGdlQmlkZGluZ0FuZEF1Y3Rpb25TZXJ2ZXIiLCJleHBpcnkiOjE3MzY4MTI4MDAsImlzU3ViZG9tYWluIjp0cnVlLCJpc1RoaXJkUGFydHkiOnRydWV9"><meta http-equiv="origin-trial" content="A+d7vJfYtay4OUbdtRPZA3y7bKQLsxaMEPmxgfhBGqKXNrdkCQeJlUwqa6EBbSfjwFtJWTrWIioXeMW+y8bWAgQAAACTeyJvcmlnaW4iOiJodHRwczovL2dvb2dsZXN5bmRpY2F0aW9uLmNvbTo0NDMiLCJmZWF0dXJlIjoiRmxlZGdlQmlkZGluZ0FuZEF1Y3Rpb25TZXJ2ZXIiLCJleHBpcnkiOjE3MzY4MTI4MDAsImlzU3ViZG9tYWluIjp0cnVlLCJpc1RoaXJkUGFydHkiOnRydWV9"><script src="https://securepubads.g.doubleclick.net/pagead/managed/js/gpt/m202502200101/pubads_impl.js" async=""></script><link href="https://securepubads.g.doubleclick.net/pagead/managed/dict/m202502250101/gpt" rel="compression-dictionary"><script src="https://config.aps.amazon-adsystem.com/configs/70247b00-ff8f-4016-b3ab-8344daf96e09" type="text/javascript" async="async"></script><script async="" src="https://fundingchoicesmessages.google.com/i/21726375739?ers=3"></script><script src="//secure.cdn.fastclick.net/js/pubcid/latest/pubcid.min.js"></script><script src="//cdn.id5-sync.com/api/1.0/id5-api.js"></script><script type="text/javascript" async="" src="https://secure.cdn.fastclick.net/js/cnvr-launcher/latest/launcher-stub.min.js"></script><script async="" src="https://fundingchoicesmessages.google.com/f/AGSKWxXsEbonh34mqfyJ3ggqtl-mfWOpybFlN59qdE0zZIoqTuzxXUzlsqh6IxjW3K7rqsWGnAGygUjZcoFYvoB0JTw_ipAAlX6cUkTkC84WBAauqB1uAhdPu8XHn8TVUmvHgpJ4_4kepQ==?fccs=W1siQUtzUm9sOGpSeE1vZ1ZzZ0VKRG41UGZNY0hyTjAwYlNsVi1qNFo1QkF0WFNNSXYtdjM2eGMzWElwWlFvZkNSZ296Q3RZT2ZlVGpkOTBWNmN0eEtLZ1BSdV81cmZTZ0hHZGRCSkx0U1FnbGxyUDU3OWZHZnFEM0hYbk9Za3JiNTNYM3dmTG5SYXBvc3A4aG5Pc1FKWjZRVHV5c0ZPTnBhbjFnPT0iXSxudWxsLG51bGwsbnVsbCxudWxsLG51bGwsWzE3NDA2NDgxNTUsNDAyMDAwMDAwXSxudWxsLG51bGwsbnVsbCxbbnVsbCxbN11dLCJodHRwczovL3JlcGxheS5wb2tlbW9uc2hvd2Rvd24uY29tL2dlbjlic3NyZWdnLTIzMDc1NDQ1NzYiLG51bGwsW1s4LCJKVGt5cXh5RVd5cyJdLFs5LCJqYSJdLFsyMywiMTc0MDY0NzAwMyJdLFsxOSwiMiJdLFsyNCwiIl1dXQ"></script><script async="" src="https://fundingchoicesmessages.google.com/f/AGSKWxXgxZtLZ0sWATuKs8dK8bo41_rFu4bZXm9-2_GAqKw6h2nGoa-th00kTmeZPAUUnYHO_Rjfs3GUhwTUsc50MKn8YaerQSYNo2CjWQvNzK3igfUuzWOdqgTL5O-WFbTtm8AYkkbzCg==?fccs=W1siQUtzUm9sOGpSeE1vZ1ZzZ0VKRG41UGZNY0hyTjAwYlNsVi1qNFo1QkF0WFNNSXYtdjM2eGMzWElwWlFvZkNSZ296Q3RZT2ZlVGpkOTBWNmN0eEtLZ1BSdV81cmZTZ0hHZGRCSkx0U1FnbGxyUDU3OWZHZnFEM0hYbk9Za3JiNTNYM3dmTG5SYXBvc3A4aG5Pc1FKWjZRVHV5c0ZPTnBhbjFnPT0iXSxudWxsLG51bGwsbnVsbCxudWxsLG51bGwsWzE3NDA2NDgxNTYsMjU2MDAwMDAwXSxudWxsLG51bGwsbnVsbCxbbnVsbCxbNyw2XSxudWxsLG51bGwsbnVsbCxudWxsLG51bGwsbnVsbCxudWxsLG51bGwsbnVsbCwxXSwiaHR0cHM6Ly9yZXBsYXkucG9rZW1vbnNob3dkb3duLmNvbS9nZW45YnNzcmVnZy0yMzA3NTQ0NTc2IixudWxsLFtbOCwiSlRreXF4eUVXeXMiXSxbOSwiamEiXSxbMjMsIjE3NDA2NDcwMDMiXSxbMTksIjIiXSxbMjQsIiJdXV0"></script><script async="" src="https://fundingchoicesmessages.google.com/f/AGSKWxXtMSfrDex4UzLksswKqvk345S0ad06DP0gjg4GgXfR0B0Ijnz6hvAvcBxIYgUMaoP2feGQjx8R4U_DhlPVInayozQaGJsk6SwcPTXdQ3uf2LkWjy3Mtrha2kfKfNDQQ_Cx7WKGxg==?fccs=W1siQUtzUm9sOGpSeE1vZ1ZzZ0VKRG41UGZNY0hyTjAwYlNsVi1qNFo1QkF0WFNNSXYtdjM2eGMzWElwWlFvZkNSZ296Q3RZT2ZlVGpkOTBWNmN0eEtLZ1BSdV81cmZTZ0hHZGRCSkx0U1FnbGxyUDU3OWZHZnFEM0hYbk9Za3JiNTNYM3dmTG5SYXBvc3A4aG5Pc1FKWjZRVHV5c0ZPTnBhbjFnPT0iXSxudWxsLG51bGwsbnVsbCxudWxsLG51bGwsWzE3NDA2NDgxNTYsMzYwMDAwMDAwXSxudWxsLG51bGwsbnVsbCxbbnVsbCxbNyw2LDEwXSxudWxsLG51bGwsbnVsbCxudWxsLG51bGwsbnVsbCxudWxsLG51bGwsbnVsbCwxXSwiaHR0cHM6Ly9yZXBsYXkucG9rZW1vbnNob3dkb3duLmNvbS9nZW45YnNzcmVnZy0yMzA3NTQ0NTc2IixudWxsLFtbOCwiSlRreXF4eUVXeXMiXSxbOSwiamEiXSxbMjMsIjE3NDA2NDcwMDMiXSxbMTksIjIiXSxbMjQsIiJdXV0"></script><script async="" src="https://fundingchoicesmessages.google.com/f/AGSKWxUizH6Dxruz9MPcG_A1Gr8f0vyb7Mbmked0Y9Gr_gUsG60raYj9a78548Djfe7Mrawczbd68Ig8sL2CXVuzmgpCYgRJEPi8aEy8TPKLmItf8Fs6qIT9gNcF4oTiCI8to4UK1ktomw==?fccs=W1siQUtzUm9sOGpSeE1vZ1ZzZ0VKRG41UGZNY0hyTjAwYlNsVi1qNFo1QkF0WFNNSXYtdjM2eGMzWElwWlFvZkNSZ296Q3RZT2ZlVGpkOTBWNmN0eEtLZ1BSdV81cmZTZ0hHZGRCSkx0U1FnbGxyUDU3OWZHZnFEM0hYbk9Za3JiNTNYM3dmTG5SYXBvc3A4aG5Pc1FKWjZRVHV5c0ZPTnBhbjFnPT0iXSxudWxsLG51bGwsbnVsbCxudWxsLG51bGwsWzE3NDA2NDgxNTYsNDY1MDAwMDAwXSxudWxsLG51bGwsbnVsbCxbbnVsbCxbNyw2LDEwLDldLG51bGwsMixudWxsLCJlbi1HQiIsbnVsbCxudWxsLG51bGwsbnVsbCxudWxsLDFdLCJodHRwczovL3JlcGxheS5wb2tlbW9uc2hvd2Rvd24uY29tL2dlbjlic3NyZWdnLTIzMDc1NDQ1NzYiLG51bGwsW1s4LCJKVGt5cXh5RVd5cyJdLFs5LCJqYSJdLFsyMywiMTc0MDY0NzAwMyJdLFsxOSwiMiJdLFsyNCwiIl1dXQ"></script></head><body><div>

	<header>
		<div class="nav-wrapper"><ul class="nav">
			<li><a class="button nav-first" href="//pokemonshowdown.com/"><img src="//pokemonshowdown.com/images/pokemonshowdownbeta.png" srcset="//pokemonshowdown.com/images/pokemonshowdownbeta.png 1x, //pokemonshowdown.com/images/pokemonshowdownbeta@2x.png 2x" alt="Pokémon Showdown" width="146" height="44"> Home</a></li>
			<li><a class="button" href="//pokemonshowdown.com/dex/">Pokédex</a></li>
			<li><a class="button cur" href="/">Replays</a></li>
			<li><a class="button" href="//pokemonshowdown.com/ladder/">Ladder</a></li>
			<li><a class="button nav-last" href="//pokemonshowdown.com/forums/">Forum</a></li>
			<li><a class="button greenbutton nav-first nav-last" href="//play.pokemonshowdown.com/">Play</a></li>
		</ul></div>
	</header>

	<div class="main" id="main"><div class="bar-wrapper"><div class="mainbar"><div style="position: relative;"><div class="battle" style="position: relative; transform: none; margin-bottom: 0px;"><div class="innerbattle"><div class="backdrop" style="display: block; opacity: 0.8; background-image: url(&quot;https://play.pokemonshowdown.com/sprites/gen6bgs/bg-elite4drake.jpg&quot;);"></div><div class="weather"></div><div class="weather"></div><div></div><div><div><img src="https://play.pokemonshowdown.com/sprites/gen5/miraidon.png" width="96" height="96" style="position:absolute;top:50px;left:180px"><img src="https://play.pokemonshowdown.com/sprites/ani/urshifu.gif" width="73" height="122" style="position:absolute;top:40px;left:241px"><img src="https://play.pokemonshowdown.com/sprites/gen5/glimmora.png" width="96" height="96" style="position:absolute;top:56px;left:280px"><img src="https://play.pokemonshowdown.com/sprites/gen5/tinglu.png" width="96" height="96" style="position:absolute;top:59px;left:330px"><img src="https://play.pokemonshowdown.com/sprites/gen5/chienpao.png" width="96" height="96" style="position:absolute;top:62px;left:380px"><img src="https://play.pokemonshowdown.com/sprites/ani/ursaluna-bloodmoon.gif" width="98" height="105" style="position:absolute;top:60px;left:429px"><div style="position:absolute;top:143px;left:188px;width:80px;font-size:10px;text-align:center;color:#FFF;"><span style="text-shadow:#000 1px 1px 0,#000 1px -1px 0,#000 -1px 1px 0,#000 -1px -1px 0"><small>L</small>50</span></div><div style="position:absolute;top:146px;left:238px;width:80px;font-size:10px;text-align:center;color:#FFF;"><img src="https://play.pokemonshowdown.com/fx/gender-m.png" alt="M" width="7" height="10" class="pixelated" style="margin-bottom:-1px"> <span style="text-shadow:#000 1px 1px 0,#000 1px -1px 0,#000 -1px 1px 0,#000 -1px -1px 0"><small>L</small>50</span></div><div style="position:absolute;top:149px;left:288px;width:80px;font-size:10px;text-align:center;color:#FFF;"><img src="https://play.pokemonshowdown.com/fx/gender-f.png" alt="F" width="7" height="10" class="pixelated" style="margin-bottom:-1px"> <span style="text-shadow:#000 1px 1px 0,#000 1px -1px 0,#000 -1px 1px 0,#000 -1px -1px 0"><small>L</small>50</span></div><div style="position:absolute;top:152px;left:338px;width:80px;font-size:10px;text-align:center;color:#FFF;"><span style="text-shadow:#000 1px 1px 0,#000 1px -1px 0,#000 -1px 1px 0,#000 -1px -1px 0"><small>L</small>50</span></div><div style="position:absolute;top:155px;left:388px;width:80px;font-size:10px;text-align:center;color:#FFF;"><span style="text-shadow:#000 1px 1px 0,#000 1px -1px 0,#000 -1px 1px 0,#000 -1px -1px 0"><small>L</small>50</span></div><div style="position:absolute;top:158px;left:438px;width:80px;font-size:10px;text-align:center;color:#FFF;"><img src="https://play.pokemonshowdown.com/fx/gender-m.png" alt="M" width="7" height="10" class="pixelated" style="margin-bottom:-1px"> <span style="text-shadow:#000 1px 1px 0,#000 1px -1px 0,#000 -1px 1px 0,#000 -1px -1px 0"><small>L</small>50</span></div></div><div></div><div></div><div><img src="https://play.pokemonshowdown.com/sprites/ani-back/zamazenta.gif" width="123" height="80" style="position:absolute;top:208px;left:86px"><img src="https://play.pokemonshowdown.com/sprites/gen5-back/ogerpon-wellspring.png" width="96" height="96" style="position:absolute;top:203px;left:150px"><img src="https://play.pokemonshowdown.com/sprites/gen5-back/glimmora.png" width="96" height="96" style="position:absolute;top:206px;left:200px"><img src="https://play.pokemonshowdown.com/sprites/gen5-back/ironbundle.png" width="96" height="96" style="position:absolute;top:209px;left:250px"><img src="https://play.pokemonshowdown.com/sprites/gen5-back/tinglu.png" width="96" height="96" style="position:absolute;top:212px;left:300px"><img src="https://play.pokemonshowdown.com/sprites/ani-back/mimikyu.gif" width="54" height="67" style="position:absolute;top:229px;left:371px"><div style="position:absolute;top:293px;left:108px;width:80px;font-size:10px;text-align:center;color:#FFF;"><span style="text-shadow:#000 1px 1px 0,#000 1px -1px 0,#000 -1px 1px 0,#000 -1px -1px 0"><small>L</small>50</span></div><div style="position:absolute;top:296px;left:158px;width:80px;font-size:10px;text-align:center;color:#FFF;"><img src="https://play.pokemonshowdown.com/fx/gender-f.png" alt="F" width="7" height="10" class="pixelated" style="margin-bottom:-1px"> <span style="text-shadow:#000 1px 1px 0,#000 1px -1px 0,#000 -1px 1px 0,#000 -1px -1px 0"><small>L</small>50</span></div><div style="position:absolute;top:299px;left:208px;width:80px;font-size:10px;text-align:center;color:#FFF;"><img src="https://play.pokemonshowdown.com/fx/gender-m.png" alt="M" width="7" height="10" class="pixelated" style="margin-bottom:-1px"> <span style="text-shadow:#000 1px 1px 0,#000 1px -1px 0,#000 -1px 1px 0,#000 -1px -1px 0"><small>L</small>50</span></div><div style="position:absolute;top:302px;left:258px;width:80px;font-size:10px;text-align:center;color:#FFF;"><span style="text-shadow:#000 1px 1px 0,#000 1px -1px 0,#000 -1px 1px 0,#000 -1px -1px 0"><small>L</small>50</span></div><div style="position:absolute;top:305px;left:308px;width:80px;font-size:10px;text-align:center;color:#FFF;"><span style="text-shadow:#000 1px 1px 0,#000 1px -1px 0,#000 -1px 1px 0,#000 -1px -1px 0"><small>L</small>50</span></div><div style="position:absolute;top:308px;left:358px;width:80px;font-size:10px;text-align:center;color:#FFF;"><img src="https://play.pokemonshowdown.com/fx/gender-m.png" alt="M" width="7" height="10" class="pixelated" style="margin-bottom:-1px"> <span style="text-shadow:#000 1px 1px 0,#000 1px -1px 0,#000 -1px 1px 0,#000 -1px -1px 0"><small>L</small>50</span></div></div></div><div role="complementary" aria-label="Active Pokemon"></div><div></div><div class="leftbar" role="complementary" aria-label="Your Team"><div class="trainer trainer-near"><strong>tenxneko</strong><div class="trainersprite" title="Rating: 1257" style="background-image:url(https://play.pokemonshowdown.com/sprites/trainers/preschooler.png)"></div><div class="teamicons"><span class="picon has-tooltip" data-tooltip="pokemon|0|0" style="background:transparent url(https://play.pokemonshowdown.com/sprites/pokemonicons-sheet.png?v18) no-repeat scroll -40px -2220px;opacity:0.6" aria-label="Zamazenta-*"></span><span class="picon has-tooltip" data-tooltip="pokemon|0|1" style="background:transparent url(https://play.pokemonshowdown.com/sprites/pokemonicons-sheet.png?v18) no-repeat scroll -40px -3180px;opacity:0.6" aria-label="Ogerpon-Wellspring"></span><span class="picon has-tooltip" data-tooltip="pokemon|0|2" style="background:transparent url(https://play.pokemonshowdown.com/sprites/pokemonicons-sheet.png?v18) no-repeat scroll -400px -2400px;opacity:0.6" aria-label="Glimmora"></span></div><div class="teamicons"><span class="picon has-tooltip" data-tooltip="pokemon|0|3" style="background:transparent url(https://play.pokemonshowdown.com/sprites/pokemonicons-sheet.png?v18) no-repeat scroll -280px -2460px;opacity:0.6" aria-label="Iron Bundle"></span><span class="picon has-tooltip" data-tooltip="pokemon|0|4" style="background:transparent url(https://play.pokemonshowdown.com/sprites/pokemonicons-sheet.png?v18) no-repeat scroll -280px -2490px;opacity:0.6" aria-label="Ting-Lu"></span><span class="picon has-tooltip" data-tooltip="pokemon|0|5" style="background:transparent url(https://play.pokemonshowdown.com/sprites/pokemonicons-sheet.png?v18) no-repeat scroll -400px -1920px;opacity:0.6" aria-label="Mimikyu"></span></div><div class="teamicons"></div></div></div><div class="rightbar" role="complementary" aria-label="Opponent's Team"><div class="trainer trainer-far"><strong>tatarere</strong><div class="trainersprite" title="Rating: 1417" style="background-image:url(https://play.pokemonshowdown.com/sprites/trainers/lucas.png)"></div><div class="teamicons"><span class="picon has-tooltip" data-tooltip="pokemon|1|0" style="background:transparent url(https://play.pokemonshowdown.com/sprites/pokemonicons-sheet.png?v18) no-repeat scroll -0px -2520px;opacity:0.6" aria-label="Miraidon"></span><span class="picon has-tooltip" data-tooltip="pokemon|1|1" style="background:transparent url(https://play.pokemonshowdown.com/sprites/pokemonicons-sheet.png?v18) no-repeat scroll -160px -2220px;opacity:0.6" aria-label="Urshifu-*"></span><span class="picon has-tooltip" data-tooltip="pokemon|1|2" style="background:transparent url(https://play.pokemonshowdown.com/sprites/pokemonicons-sheet.png?v18) no-repeat scroll -400px -2400px;opacity:0.6" aria-label="Glimmora"></span></div><div class="teamicons"><span class="picon has-tooltip" data-tooltip="pokemon|1|3" style="background:transparent url(https://play.pokemonshowdown.com/sprites/pokemonicons-sheet.png?v18) no-repeat scroll -280px -2490px;opacity:0.6" aria-label="Ting-Lu"></span><span class="picon has-tooltip" data-tooltip="pokemon|1|4" style="background:transparent url(https://play.pokemonshowdown.com/sprites/pokemonicons-sheet.png?v18) no-repeat scroll -240px -2490px;opacity:0.6" aria-label="Chien-Pao"></span><span class="picon has-tooltip" data-tooltip="pokemon|1|5" style="background:transparent url(https://play.pokemonshowdown.com/sprites/pokemonicons-sheet.png?v18) no-repeat scroll -0px -3180px;opacity:0.6" aria-label="Ursaluna-Bloodmoon"></span></div><div class="teamicons"></div></div></div><div></div><div class="messagebar message"></div><div></div><div class="message" style="position:absolute;display:block;visibility:hidden"></div><div class="tooltips"><div class="has-tooltip" style="position:absolute;top:70px;left:250px;width:80px;height:100px;" data-id="p2c" data-tooltip="activepokemon|1|2" data-ownheight="1"></div><div class="has-tooltip" style="position:absolute;top:85px;left:320px;width:90px;height:100px;" data-id="p2b" data-tooltip="activepokemon|1|1" data-ownheight="1"></div><div class="has-tooltip" style="position:absolute;top:90px;left:390px;width:100px;height:100px;" data-id="p2a" data-tooltip="activepokemon|1|0" data-ownheight="1"></div><div class="has-tooltip" style="position:absolute;top:200px;left:130px;width:120px;height:160px;" data-id="p1a" data-tooltip="activepokemon|0|0" data-ownheight="1"></div><div class="has-tooltip" style="position:absolute;top:200px;left:250px;width:150px;height:160px;" data-id="p1b" data-tooltip="activepokemon|0|1" data-ownheight="1"></div><div class="has-tooltip" style="position:absolute;top:200px;left:350px;width:150px;height:160px;" data-id="p1c" data-tooltip="activepokemon|0|2" data-ownheight="1"></div></div></div><div class="playbutton"><button name="play" class="button"><i class="fa fa-play"></i> Play</button><br><br><button name="play-muted" class="startsoundchooser button" style="font-size:10pt">Play (sound off)</button></div></div><div class="battle-log" role="log"><div class="battle-options"></div><div class="inner message-log"><div class="chat"><small>☆tenxneko and ☆tatarere joined</small></div><div class=""><small>Format:</small> <br><strong>[Gen 9] BSS Reg G</strong></div><div class="rated"><strong>Rated battle</strong></div><div class=""><small><em>Species Clause:</em> Limit one of each Pokémon</small></div><div class=""><small><em>Item Clause:</em> Limit 1 of each item</small></div><div class="chat battle-history"><strong>tenxneko's team:</strong> <em style="color:#445566;display:block;">Zamazenta-* / Ogerpon-Wellspring / Glimmora / Iron Bundle / Ting-Lu / Mimikyu</em></div><div class="chat battle-history"><strong>tatarere's team:</strong> <em style="color:#445566;display:block;">Miraidon / Urshifu-* / Glimmora / Ting-Lu / Chien-Pao / Ursaluna-Bloodmoon</em></div></div><div class="inner-preempt message-log"></div></div><div class="replay-controls"><p><button class="button" style="width: 5em; margin-right: 3px;"><i class="fa fa-play"></i><br><strong>Play</strong></button> <button class="button button-first" disabled=""><i class="fa fa-fast-backward"></i><br>First turn</button><button class="button button-first" disabled="" style="margin-left: 1px; position: relative; z-index: 1;"><i class="fa fa-step-backward"></i><br>Prev turn</button><button class="button button-last" style="margin-right: 2px;"><i class="fa fa-step-forward"></i><br>Skip turn</button><button class="button button-last"><i class="fa fa-fast-forward"></i><br>Skip to end</button> <button class="button"><i class="fa fa-repeat"></i> Go to turn...</button></p><p><label class="optgroup">Speed:<br><select name="speed" class="button"><option value="hyperfast">Hyperfast</option><option value="fast">Fast</option><option value="normal">Normal</option><option value="slow">Slow</option><option value="reallyslow">Really slow</option></select></label> <label class="optgroup">Sound:<br><select name="sound" class="button"><option value="on">On</option><option value="musicoff">Music Off</option><option value="off">Muted</option></select></label> <label class="optgroup">Dark mode:<br><select name="darkmode" class="button"><option value="auto">Automatic</option><option value="dark">Dark</option><option value="light">Light</option></select></label> <label class="optgroup">Viewpoint:<br><button name="viewpoint" class="button">tenxneko <i class="fa fa-random" aria-label="Switch viewpoint"></i></button></label></p><h1><strong>[Gen 9] BSS Reg G</strong>: tenxneko vs. tatarere</h1><p><a class="button" href="#" style="float: right;"><i class="fa fa-download" aria-hidden="true"></i> Download</a>Tue Feb 25 2025 | <em>Rating:</em> 1293</p><p><a href="." class="button"><i class="fa fa-caret-left"></i> More replays</a></p></div><div id="LeaderboardBTF"><div class="vm-placement" data-id="6452680c0b35755a3f09b59b" data-pos="1101" id="6452680c0b35755a3f09b59b-1101" data-reg="true" data-rejected="true" style="background: none; position: relative; overflow: hidden; margin: 0px auto; max-width: 970px; width: 970px; height: 250px;" data-google-query-id="COKXz9jD44sDFZFbwgUdmacZiA"><div id="google_ads_iframe_/21726375739,22916103450/VM_642aba63ec9a7b11c3c9c1be/VM_6452680c0b35755a3f09b59b_0__container__" style="border: 0pt none; display: none;"><iframe id="google_ads_iframe_/21726375739,22916103450/VM_642aba63ec9a7b11c3c9c1be/VM_6452680c0b35755a3f09b59b_0" name="google_ads_iframe_/21726375739,22916103450/VM_642aba63ec9a7b11c3c9c1be/VM_6452680c0b35755a3f09b59b_0" title="3rd party ad content" width="300" height="250" scrolling="no" marginwidth="0" marginheight="0" frameborder="0" aria-label="Advertisement" tabindex="0" allow="private-state-token-redemption;attribution-reporting" sandbox="allow-forms allow-pointer-lock allow-popups allow-popups-to-escape-sandbox allow-same-origin allow-scripts allow-top-navigation-by-user-activation allow-presentation" data-load-complete="true" style="border: 0px; vertical-align: bottom; display: none;" data-google-container-id="1"></iframe></div><iframe width="970" height="250" allowtransparency="true" marginheight="0" marginwidth="0" scrolling="no" frameborder="0" src="javascript:window.parent%5B%229f60f24a-7a2e-13cb-c72f-668b8cab4ce1%22%5D.run(%7Bwnd%3Awindow%2Csjs%3A%22javascript%3A'%3Chtml%3E%3Cbody%3E%3C%2Fbody%3E%3C%2Fhtml%3E'%22%7D)" sandbox="allow-forms allow-pointer-lock allow-popups allow-popups-to-escape-sandbox allow-same-origin allow-scripts allow-top-navigation-by-user-activation allow-presentation" style="display: block;"></iframe></div></div></div></div><div style="clear: both;"></div></div>

		<noscript><section class="section">You need to enable JavaScript to use this page; sorry!</section></noscript>

	</div>

</div>

<script defer="" nomodule="" src="//play.pokemonshowdown.com/js/lib/ps-polyfill.js"></script>
<script defer="" src="//play.pokemonshowdown.com/js/lib/preact.min.js"></script>

<script defer="" src="//play.pokemonshowdown.com/config/config.js?c26401c5"></script>
<script defer="" src="//play.pokemonshowdown.com/js/lib/jquery-1.11.0.min.js"></script>
<script defer="" src="//play.pokemonshowdown.com/js/lib/html-sanitizer-minified.js"></script>
<script defer="" src="//play.pokemonshowdown.com/js/battle-sound.js"></script>
<script defer="" src="//play.pokemonshowdown.com/js/battledata.js?0.14832469279025817"></script>
<script defer="" src="//play.pokemonshowdown.com/data/pokedex-mini.js?0.33945589529368037"></script>
<script defer="" src="//play.pokemonshowdown.com/data/pokedex-mini-bw.js?0.8023830347061633"></script>
<script defer="" src="//play.pokemonshowdown.com/data/graphics.js?0.41044878336296287"></script>
<script defer="" src="//play.pokemonshowdown.com/data/pokedex.js?0.9954804604281977"></script>
<script defer="" src="//play.pokemonshowdown.com/data/moves.js?0.28615866532549594"></script>
<script defer="" src="//play.pokemonshowdown.com/data/abilities.js?0.4808802365093021"></script>
<script defer="" src="//play.pokemonshowdown.com/data/items.js?0.0757413065159036"></script>
<script defer="" src="//play.pokemonshowdown.com/data/teambuilder-tables.js?0.46076668685013433"></script>
<script defer="" src="//play.pokemonshowdown.com/js/battle-tooltips.js?0.6477502301672804"></script>
<script defer="" src="//play.pokemonshowdown.com/js/battle.js?0.04130039862680368"></script>

<script defer="" src="js/utils.js?0abca7ba"></script>
<script defer="" src="js/replays-battle.js?208ecb6b"></script>

<!-- don't scrape this data! just add .json or .log after the URL!
Full API docs: https://github.com/smogon/pokemon-showdown-client/blob/master/WEB-API.md -->
<script type="text/plain" class="log" id="replaylog-gen9bssregg-2307544576">
|j|☆tenxneko
|j|☆tatarere
|t:|1740489510
|gametype|singles
|player|p1|tenxneko|preschooler|1257
|player|p2|tatarere|1|1417
|teamsize|p1|6
|teamsize|p2|6
|gen|9
|tier|[Gen 9] BSS Reg G
|rated|
|rule|Species Clause: Limit one of each Pokémon
|rule|Item Clause: Limit 1 of each item
|clearpoke
|poke|p1|Zamazenta-*, L50|
|poke|p1|Ogerpon-Wellspring, L50, F|
|poke|p1|Glimmora, L50, M|
|poke|p1|Iron Bundle, L50|
|poke|p1|Ting-Lu, L50|
|poke|p1|Mimikyu, L50, M|
|poke|p2|Miraidon, L50|
|poke|p2|Urshifu-*, L50, M|
|poke|p2|Glimmora, L50, F|
|poke|p2|Ting-Lu, L50|
|poke|p2|Chien-Pao, L50|
|poke|p2|Ursaluna-Bloodmoon, L50, M|
|teampreview|3
|inactive|Battle timer is ON: inactive players will automatically lose when time's up. (requested by tenxneko)
|inactive|tenxneko has 60 seconds left.
|inactive|tatarere has 60 seconds left.
|inactive|tatarere has 30 seconds left.
|inactive|tatarere has 20 seconds left.
|inactive|tatarere has 15 seconds left.
|inactive|tatarere has 10 seconds left.
|inactive|tatarere has 5 seconds left.
|
|t:|1740489600
|start
|switch|p1a: ディンルー|Ting-Lu, L50|100/100
|switch|p2a: Ursaluna|Ursaluna-Bloodmoon, L50, M|100/100
|-ability|p1a: ディンルー|Vessel of Ruin
|turn|1
|
|t:|1740489622
|move|p2a: Ursaluna|Calm Mind|p2a: Ursaluna
|-boost|p2a: Ursaluna|spa|1
|-boost|p2a: Ursaluna|spd|1
|move|p1a: ディンルー|Ruination|p2a: Ursaluna
|-damage|p2a: Ursaluna|50/100
|
|upkeep
|turn|2
|
|t:|1740489641
|switch|p1a: オーガポン|Ogerpon-Wellspring, L50, F|100/100
|move|p2a: Ursaluna|Blood Moon|p1a: オーガポン
|-damage|p1a: オーガポン|12/100
|
|upkeep
|turn|3
|
|t:|1740489655
|-terastallize|p2a: Ursaluna|Poison
|move|p1a: オーガポン|Ivy Cudgel|p2a: Ursaluna|[anim] Ivy Cudgel Water
|-damage|p2a: Ursaluna|16/100
|move|p2a: Ursaluna|Moonlight|p2a: Ursaluna
|-heal|p2a: Ursaluna|66/100
|
|upkeep
|turn|4
|
|t:|1740489664
|move|p1a: オーガポン|Encore|p2a: Ursaluna
|-start|p2a: Ursaluna|Encore
|move|p2a: Ursaluna|Moonlight|p2a: Ursaluna
|-heal|p2a: Ursaluna|100/100
|
|upkeep
|turn|5
|
|t:|1740489671
|switch|p2a: Miraidon|Miraidon, L50|100/100
|-fieldstart|move: Electric Terrain|[from] ability: Hadron Engine|[of] p2a: Miraidon
|move|p1a: オーガポン|Leech Seed|p2a: Miraidon
|-start|p2a: Miraidon|move: Leech Seed
|
|-damage|p2a: Miraidon|88/100|[from] Leech Seed|[of] p1a: オーガポン
|-heal|p1a: オーガポン|23/100|[silent]
|upkeep
|turn|6
|
|t:|1740489681
|switch|p1a: ディンルー|Ting-Lu, L50|100/100
|-ability|p1a: ディンルー|Vessel of Ruin
|move|p2a: Miraidon|Dragon Pulse|p1a: ディンルー
|-damage|p1a: ディンルー|78/100
|
|-damage|p2a: Miraidon|75/100|[from] Leech Seed|[of] p1a: ディンルー
|-heal|p1a: ディンルー|88/100|[silent]
|upkeep
|turn|7
|
|t:|1740489693
|switch|p2a: Urshifu|Urshifu-Rapid-Strike, L50, M|100/100
|move|p1a: ディンルー|Earthquake|p2a: Urshifu
|-damage|p2a: Urshifu|67/100
|
|upkeep
|turn|8
|
|t:|1740489708
|switch|p1a: Mimikyu|Mimikyu, L50, M, shiny|100/100
|move|p2a: Urshifu|Drain Punch|p1a: Mimikyu
|-immune|p1a: Mimikyu
|
|upkeep
|turn|9
|
|t:|1740489734
|move|p1a: Mimikyu|Thunder Wave|p2a: Urshifu
|-status|p2a: Urshifu|par
|move|p2a: Urshifu|Surging Strikes|p1a: Mimikyu
|-activate|p1a: Mimikyu|ability: Disguise
|-damage|p1a: Mimikyu|100/100
|-damage|p2a: Urshifu|51/100 par|[from] item: Rocky Helmet|[of] p1a: Mimikyu
|detailschange|p1a: Mimikyu|Mimikyu-Busted, L50, M, shiny
|-damage|p1a: Mimikyu|88/100|[from] pokemon: Mimikyu-Busted
|-crit|p1a: Mimikyu
|-damage|p1a: Mimikyu|63/100
|-damage|p2a: Urshifu|35/100 par|[from] item: Rocky Helmet|[of] p1a: Mimikyu
|-crit|p1a: Mimikyu
|-damage|p1a: Mimikyu|37/100
|-damage|p2a: Urshifu|18/100 par|[from] item: Rocky Helmet|[of] p1a: Mimikyu
|-hitcount|p1a: Mimikyu|3
|
|-fieldend|move: Electric Terrain
|upkeep
|turn|10
|
|t:|1740489754
|switch|p1a: オーガポン|Ogerpon-Wellspring, L50, F|23/100
|switch|p2a: Ursaluna|Ursaluna-Bloodmoon, L50, M, tera:Poison|100/100
|
|upkeep
|turn|11
|
|t:|1740489773
|move|p1a: オーガポン|Knock Off|p2a: Ursaluna
|-damage|p2a: Ursaluna|77/100
|-enditem|p2a: Ursaluna|Covert Cloak|[from] move: Knock Off|[of] p1a: オーガポン
|move|p2a: Ursaluna|Hyper Voice|p1a: オーガポン
|-damage|p1a: オーガポン|0 fnt
|faint|p1a: オーガポン
|
|upkeep
|
|t:|1740489781
|switch|p1a: ディンルー|Ting-Lu, L50|88/100
|-ability|p1a: ディンルー|Vessel of Ruin
|turn|12
|
|t:|1740489795
|move|p2a: Ursaluna|Blood Moon|p1a: ディンルー
|-damage|p1a: ディンルー|63/100
|move|p1a: ディンルー|Earthquake|p2a: Ursaluna
|-supereffective|p2a: Ursaluna
|-damage|p2a: Ursaluna|11/100
|
|upkeep
|turn|13
|inactive|tatarere has 30 seconds left.
|inactive|tatarere has 20 seconds left.
|
|t:|1740489833
|move|p2a: Ursaluna|Hyper Voice|p1a: ディンルー
|-damage|p1a: ディンルー|47/100
|move|p1a: ディンルー|Earthquake|p2a: Ursaluna
|-supereffective|p2a: Ursaluna
|-damage|p2a: Ursaluna|0 fnt
|faint|p2a: Ursaluna
|
|upkeep
|
|t:|1740489840
|switch|p2a: Urshifu|Urshifu-Rapid-Strike, L50, M|18/100 par
|turn|14
|-message|tatarere forfeited.
|
|win|tenxneko
|raw|tenxneko's rating: 1257 &rarr; <strong>1293<\/strong><br />(+36 for winning)
|raw|tatarere's rating: 1417 &rarr; <strong>1388<\/strong><br />(-29 for losing)
|l|☆tatarere
|player|p2|
|l|☆tenxneko
|player|p1|

</script>
<script type="application/json" class="data" id="replaydata-gen9bssregg-2307544576">
{"id":"gen9bssregg-2307544576","format":"[Gen 9] BSS Reg G","players":["tenxneko","tatarere"],"uploadtime":1740490204,"views":1,"formatid":"gen9bssregg","rating":1293,"private":0,"password":null}
</script>

<script defer="" src="js/replays.js?dd856472"></script>
<iframe name="googlefcPresent" style="display: none; width: 0px; height: 0px; border: none; z-index: -1000; left: -1000px; top: -1000px;"></iframe><iframe marginwidth="0" marginheight="0" scrolling="no" frameborder="0" id="1c6810fcddad5d" width="0" height="0" src="about:blank" name="__pb_locator__" style="display: none; height: 0px; width: 0px; border: 0px;"></iframe><iframe src="https://s.amazon-adsystem.com/iu3?cm3ppd=1&amp;d=dtb-pub&amp;csif=t&amp;dl=n-mediagrid_an-db5" sandbox="allow-forms allow-pointer-lock allow-popups allow-popups-to-escape-sandbox allow-same-origin allow-scripts allow-top-navigation-by-user-activation allow-presentation" style="display: none;"></iframe><iframe name="__tcfapiLocator" src="about:blank" style="display: none; width: 0px; height: 0px; border: none; z-index: -1000; left: -1000px; top: -1000px;"></iframe><iframe name="__uspapiLocator" src="about:blank" style="display: none; width: 0px; height: 0px; border: none; z-index: -1000; left: -1000px; top: -1000px;"></iframe><iframe name="__gppLocator" src="about:blank" style="display: none; width: 0px; height: 0px; border: none; z-index: -1000; left: -1000px; top: -1000px;"></iframe><iframe name="googlefcInactive" src="about:blank" style="display: none; width: 0px; height: 0px; border: none; z-index: -1000; left: -1000px; top: -1000px;"></iframe><iframe name="googlefcLoaded" src="about:blank" style="display: none; width: 0px; height: 0px; border: none; z-index: -1000; left: -1000px; top: -1000px;"></iframe><iframe name="google_ads_top_frame" id="google_ads_top_frame" sandbox="allow-forms allow-pointer-lock allow-popups allow-popups-to-escape-sandbox allow-same-origin allow-scripts allow-top-navigation-by-user-activation allow-presentation" style="display: none; position: fixed; left: -999px; top: -999px; width: 0px; height: 0px;"></iframe><iframe src="https://www.google.com/recaptcha/api2/aframe" width="0" height="0" style="display: none;"></iframe></body><iframe name="goog_topics_frame" src="https://securepubads.g.doubleclick.net/static/topics/topics_frame.html" style="display: none;"></iframe><iframe sandbox="allow-scripts allow-same-origin" id="349d67621572c12" frameborder="0" allowtransparency="true" marginheight="0" marginwidth="0" width="0" hspace="0" vspace="0" height="0" style="height:0px;width:0px;display:none;" scrolling="no" src="https://acdn.adnxs.com/dmp/async_usersync.html">
    </iframe><iframe sandbox="allow-scripts allow-same-origin" id="3551962a926a828" frameborder="0" allowtransparency="true" marginheight="0" marginwidth="0" width="0" hspace="0" vspace="0" height="0" style="height:0px;width:0px;display:none;" scrolling="no" src="https://ads.pubmatic.com/AdServer/js/user_sync.html?kdntuid=1&amp;p=159234">
    </iframe><iframe sandbox="allow-scripts allow-same-origin" id="36f4f8c62c8c1e" frameborder="0" allowtransparency="true" marginheight="0" marginwidth="0" width="0" hspace="0" vspace="0" height="0" style="height:0px;width:0px;display:none;" scrolling="no" src="https://gum.criteo.com/syncframe?origin=criteoPrebidAdapter&amp;topUrl=replay.pokemonshowdown.com&amp;gpp=#{%22bundle%22:%22Srb1r19ieDhVY3lFb2F2Y21lVlJZMExQWG1UVmtwNHUyMyUyRm9MSDFPNHM1TGZ1TFQycFE0SkhmRXlNZEtlV1RXOUg2eWR1MnoxVk50eXBTYWs1RW5ERTV6UjlEQlR4NmFvMlRWaCUyRlRNYU8wcnJtdWpyQUc5Tkdsa1hrY0xmQU92eWM2QWpiakNsVlJ3U0l6YSUyRkh6Sk9lVG5xenVsWXU4a1Zic1VNdDkzS3l2aTRXdjQlM0Q%22,%22cw%22:true,%22lsw%22:true,%22origin%22:%22criteoPrebidAdapter%22,%22requestId%22:%220.5893932015463781%22,%22tld%22:%22replay.pokemonshowdown.com%22,%22topUrl%22:%22replay.pokemonshowdown.com%22,%22version%22:%229_5_0%22}">
    </iframe><iframe sandbox="allow-scripts allow-same-origin" id="3709ae318ec1546" frameborder="0" allowtransparency="true" marginheight="0" marginwidth="0" width="0" hspace="0" vspace="0" height="0" style="height:0px;width:0px;display:none;" scrolling="no" src="https://js-sec.indexww.com/um/ixmatch.html">
    </iframe><iframe sandbox="allow-scripts allow-same-origin" id="38bead7ca4b7cd8" frameborder="0" allowtransparency="true" marginheight="0" marginwidth="0" width="0" hspace="0" vspace="0" height="0" style="height:0px;width:0px;display:none;" scrolling="no" src="https://eb2.3lift.com/sync?">
    </iframe></html>