<html class="dark"><head><script type="text/javascript" async="" src="https://cdn.edkt.io/rNn9xk/edgekit.min.js"></script><meta charset="utf-8">
<meta name="viewport" content="width=device-width">

<title>[Gen 9] BSS Reg G: josh31717 vs. buttue - Replays - Pokémon Showdown!</title>

<meta name="description" content="Watch a replay of a Pokémon battle between josh31717 and buttue! Format: [Gen 9] BSS Reg G; Date: Feb 26, 2025">
<!--

Hey, you! Looking in the source for the replay log?

You can find them in JSON format, just add `.json` at the end of a replay URL.

https://replay.pokemonshowdown.com/gen7randomdoublesbattle-865046831.json

Or, if you only need the log itself, add `.log` instead:

https://replay.pokemonshowdown.com/gen7randomdoublesbattle-865046831.log

-->

<link rel="stylesheet" href="//pokemonshowdown.com/style/global.css?0.33511372851231">
<link rel="stylesheet" href="//play.pokemonshowdown.com/style/font-awesome.css?0.5883895382621385">
<link rel="stylesheet" href="//play.pokemonshowdown.com/style/battle.css?0.10240648377952621">
<link rel="stylesheet" href="//play.pokemonshowdown.com/style/utilichart.css?0.5738233469631782">

<!-- Global site tag (gtag.js) - Google Analytics -->
<script async="" src="https://secure.cdn.fastclick.net/js/cnvr-coreid/latest/coreid.min.js"></script><script async="" src="https://secure.cdn.fastclick.net/js/cnvr-launcher/latest/launcher.min.js"></script><script src="https://cdn.hadronid.net/hadron.js?url=https%3A%2F%2Freplay.pokemonshowdown.com%2Fgen9bssregg-2307936898&amp;ref=&amp;_it=amazon&amp;partner_id=288"></script><script src="https://rules.quantcount.com/rules-p-Hwnr8j7tWA3Nu.js" async=""></script><script type="text/javascript" async="" src="https://www.google-analytics.com/analytics.js"></script><script type="text/javascript" async="" src="https://www.googletagmanager.com/gtag/js?id=G-8B1DJVGJ9K&amp;l=dataLayer&amp;cx=c&amp;gtm=457e52o0za200&amp;tag_exp=101732279~101732281~102067808~102482433~102539968~102558064~102587591~102605417~102640600~102658453~102717421"></script><script async="" src="https://www.googletagmanager.com/gtag/js?id=UA-26211653-1"></script>
<script>
  window.dataLayer = window.dataLayer || [];
  function gtag(){dataLayer.push(arguments);}
  gtag('js', new Date());

  gtag('config', 'UA-26211653-1');
</script>
<!-- End Google Analytics -->
<!-- Venatus Ad Manager - Install in <HEAD> of page -->
	<script src="https://hb.vntsm.com/v3/live/ad-manager.min.js" type="text/javascript" data-site-id="642aba63ec9a7b11c3c9c1be" data-mode="scan" async=""></script>
<!-- / Venatus Ad Manager -->

<style>
	@media (max-width:820px) {
		.battle {
			margin: 0 auto;
		}
		.battle-log {
			margin: 7px auto 0;
			max-width: 640px;
			height: 300px;
			position: static;
		}
	}
	.optgroup {
		display: inline-block;
		line-height: 22px;
		font-size: 10pt;
	}
	.optgroup .button {
		height: 25px;
		padding-top: 0;
		padding-bottom: 0;
	}
	.optgroup button.button {
		padding-left: 12px;
		padding-right: 12px;
	}
	.linklist {
		list-style: none;
		margin: 0.5em 0;
		padding: 0;
	}
	.linklist li {
		padding: 2px 0;
	}
	.sidebar {
		float: left;
		width: 320px;
	}
	.bar-wrapper {
		max-width: 1100px;
		margin: 0 auto;
	}
	.bar-wrapper.has-sidebar {
		max-width: 1430px;
	}
	.mainbar {
		margin: 0;
		padding-right: 1px;
	}
	.mainbar.has-sidebar {
		margin-left: 330px;
	}
	@media (min-width: 1511px) {
		.sidebar {
			width: 400px;
		}
		.bar-wrapper.has-sidebar {
			max-width: 1510px;
		}
		.mainbar.has-sidebar {
			margin-left: 410px;
		}
	}
	.section.first-section {
		margin-top: 9px;
	}
	.blocklink small {
		white-space: normal;
	}
	.button {
		vertical-align: middle;
	}
	.replay-controls {
		padding-top: 10px;
	}
	.replay-controls h1 {
		font-size: 16pt;
		font-weight: normal;
		color: #CCC;
	}
	.pagelink {
		text-align: center;
	}
	.pagelink a {
		width: 150px;
	}
	.textbox, .button {
		font-size: 11pt;
		vertical-align: middle;
	}
	@media (max-width: 450px) {
		.button {
			font-size: 9pt;
		}
	}
</style>

<script type="text/javascript" src="https://hb.vntsm.com/v3/live/ad-manager-bundle.min.js" async=""></script><script type="text/javascript" src="https://ats.rlcdn.com/ats.js" async=""></script><script type="text/javascript" src="https://securepubads.g.doubleclick.net/tag/js/gpt.js" async=""></script><style>
          .vm-placement[data-rejected=true]>div[id^=google_ads_iframe] {
            display: none;
          }
          </style><script type="text/javascript" src="https://c.amazon-adsystem.com/aax2/apstag.js" async=""></script><script type="text/javascript" src="https://secure.quantserve.com/quant.js" async=""></script><script type="text/javascript" src="https://pub.doubleverify.com/dvtag/34896827/DV1430477/pub.js" async=""></script><meta http-equiv="origin-trial" content="AlK2UR5SkAlj8jjdEc9p3F3xuFYlF6LYjAML3EOqw1g26eCwWPjdmecULvBH5MVPoqKYrOfPhYVL71xAXI1IBQoAAAB8eyJvcmlnaW4iOiJodHRwczovL2RvdWJsZWNsaWNrLm5ldDo0NDMiLCJmZWF0dXJlIjoiV2ViVmlld1hSZXF1ZXN0ZWRXaXRoRGVwcmVjYXRpb24iLCJleHBpcnkiOjE3NTgwNjcxOTksImlzU3ViZG9tYWluIjp0cnVlfQ=="><meta http-equiv="origin-trial" content="Amm8/NmvvQfhwCib6I7ZsmUxiSCfOxWxHayJwyU1r3gRIItzr7bNQid6O8ZYaE1GSQTa69WwhPC9flq/oYkRBwsAAACCeyJvcmlnaW4iOiJodHRwczovL2dvb2dsZXN5bmRpY2F0aW9uLmNvbTo0NDMiLCJmZWF0dXJlIjoiV2ViVmlld1hSZXF1ZXN0ZWRXaXRoRGVwcmVjYXRpb24iLCJleHBpcnkiOjE3NTgwNjcxOTksImlzU3ViZG9tYWluIjp0cnVlfQ=="><meta http-equiv="origin-trial" content="A9wSqI5i0iwGdf6L1CERNdmsTPgVu44ewj8QxTBYgsv1LCPUVF7YmWOvTappqB1139jAymxUW/RO8zmMqo4zlAAAAACNeyJvcmlnaW4iOiJodHRwczovL2RvdWJsZWNsaWNrLm5ldDo0NDMiLCJmZWF0dXJlIjoiRmxlZGdlQmlkZGluZ0FuZEF1Y3Rpb25TZXJ2ZXIiLCJleHBpcnkiOjE3MzY4MTI4MDAsImlzU3ViZG9tYWluIjp0cnVlLCJpc1RoaXJkUGFydHkiOnRydWV9"><meta http-equiv="origin-trial" content="A+d7vJfYtay4OUbdtRPZA3y7bKQLsxaMEPmxgfhBGqKXNrdkCQeJlUwqa6EBbSfjwFtJWTrWIioXeMW+y8bWAgQAAACTeyJvcmlnaW4iOiJodHRwczovL2dvb2dsZXN5bmRpY2F0aW9uLmNvbTo0NDMiLCJmZWF0dXJlIjoiRmxlZGdlQmlkZGluZ0FuZEF1Y3Rpb25TZXJ2ZXIiLCJleHBpcnkiOjE3MzY4MTI4MDAsImlzU3ViZG9tYWluIjp0cnVlLCJpc1RoaXJkUGFydHkiOnRydWV9"><script src="https://securepubads.g.doubleclick.net/pagead/managed/js/gpt/m202502200101/pubads_impl.js" async=""></script><link href="https://securepubads.g.doubleclick.net/pagead/managed/dict/m202502250101/gpt" rel="compression-dictionary"><script src="https://config.aps.amazon-adsystem.com/configs/70247b00-ff8f-4016-b3ab-8344daf96e09" type="text/javascript" async="async"></script><script async="" src="https://fundingchoicesmessages.google.com/i/21726375739?ers=3"></script><script src="//secure.cdn.fastclick.net/js/pubcid/latest/pubcid.min.js"></script><script src="//cdn.id5-sync.com/api/1.0/id5-api.js"></script><script type="text/javascript" async="" src="https://secure.cdn.fastclick.net/js/cnvr-launcher/latest/launcher-stub.min.js"></script><script async="" src="https://fundingchoicesmessages.google.com/f/AGSKWxXLwTxuFGBEEgdoNVfDMUkIS1-zdGtiCq6pZY-VXC4XrzZ6fwwNM0K3IK3-2mim2fO5ASUvGa98l3ePuy0VxKh6fEApO_U3FL1L89kP1N99oJ6UQ5iYvep--otMaes1rrRulDFyFg==?fccs=W1siQUtzUm9sOEhmdm9GMFJNQ184QlZjenZUalEyR00xQmNUbEVEUWhIcmZBQ3N2UXpUeHVHSDJqbkFQcXZUVkI4eFZqaEtNUXhUajdLYUNpQTJTcHlfX1hJV3JiSWR0bzhwZGZyWVh5SXdTZ1FrRm5EUzRYdmlVdWlxRkdEYkpaX0hJbkRBZGNfbE0wUl9yTVU4MXpUZG1yVmtVYmdBMUZiRjRRPT0iXSxudWxsLG51bGwsbnVsbCxudWxsLG51bGwsWzE3NDA2NDc5OTAsNzg3MDAwMDAwXSxudWxsLG51bGwsbnVsbCxbbnVsbCxbN11dLCJodHRwczovL3JlcGxheS5wb2tlbW9uc2hvd2Rvd24uY29tL2dlbjlic3NyZWdnLTIzMDc5MzY4OTgiLG51bGwsW1s4LCJKVGt5cXh5RVd5cyJdLFs5LCJqYSJdLFsyMywiMTc0MDY0NzAwMyJdLFsxOSwiMiJdLFsyNCwiIl1dXQ"></script><meta http-equiv="origin-trial" content="AlK2UR5SkAlj8jjdEc9p3F3xuFYlF6LYjAML3EOqw1g26eCwWPjdmecULvBH5MVPoqKYrOfPhYVL71xAXI1IBQoAAAB8eyJvcmlnaW4iOiJodHRwczovL2RvdWJsZWNsaWNrLm5ldDo0NDMiLCJmZWF0dXJlIjoiV2ViVmlld1hSZXF1ZXN0ZWRXaXRoRGVwcmVjYXRpb24iLCJleHBpcnkiOjE3NTgwNjcxOTksImlzU3ViZG9tYWluIjp0cnVlfQ=="><meta http-equiv="origin-trial" content="Amm8/NmvvQfhwCib6I7ZsmUxiSCfOxWxHayJwyU1r3gRIItzr7bNQid6O8ZYaE1GSQTa69WwhPC9flq/oYkRBwsAAACCeyJvcmlnaW4iOiJodHRwczovL2dvb2dsZXN5bmRpY2F0aW9uLmNvbTo0NDMiLCJmZWF0dXJlIjoiV2ViVmlld1hSZXF1ZXN0ZWRXaXRoRGVwcmVjYXRpb24iLCJleHBpcnkiOjE3NTgwNjcxOTksImlzU3ViZG9tYWluIjp0cnVlfQ=="><meta http-equiv="origin-trial" content="A9wSqI5i0iwGdf6L1CERNdmsTPgVu44ewj8QxTBYgsv1LCPUVF7YmWOvTappqB1139jAymxUW/RO8zmMqo4zlAAAAACNeyJvcmlnaW4iOiJodHRwczovL2RvdWJsZWNsaWNrLm5ldDo0NDMiLCJmZWF0dXJlIjoiRmxlZGdlQmlkZGluZ0FuZEF1Y3Rpb25TZXJ2ZXIiLCJleHBpcnkiOjE3MzY4MTI4MDAsImlzU3ViZG9tYWluIjp0cnVlLCJpc1RoaXJkUGFydHkiOnRydWV9"><meta http-equiv="origin-trial" content="A+d7vJfYtay4OUbdtRPZA3y7bKQLsxaMEPmxgfhBGqKXNrdkCQeJlUwqa6EBbSfjwFtJWTrWIioXeMW+y8bWAgQAAACTeyJvcmlnaW4iOiJodHRwczovL2dvb2dsZXN5bmRpY2F0aW9uLmNvbTo0NDMiLCJmZWF0dXJlIjoiRmxlZGdlQmlkZGluZ0FuZEF1Y3Rpb25TZXJ2ZXIiLCJleHBpcnkiOjE3MzY4MTI4MDAsImlzU3ViZG9tYWluIjp0cnVlLCJpc1RoaXJkUGFydHkiOnRydWV9"><script async="" src="https://fundingchoicesmessages.google.com/f/AGSKWxUvj_vL3CH5sfYabhPal9kXef3Zi5eEWVBGC4KgL4pD8aTalveXLnbBtkAI1IjNYzF0ViR9ky8QmSI_C3-TcevvF8vB0YpzkLACh_11JRg0nJKU6_w2qWbUD1UF3uBJhoZv6jpNqw==?fccs=W1siQUtzUm9sOEhmdm9GMFJNQ184QlZjenZUalEyR00xQmNUbEVEUWhIcmZBQ3N2UXpUeHVHSDJqbkFQcXZUVkI4eFZqaEtNUXhUajdLYUNpQTJTcHlfX1hJV3JiSWR0bzhwZGZyWVh5SXdTZ1FrRm5EUzRYdmlVdWlxRkdEYkpaX0hJbkRBZGNfbE0wUl9yTVU4MXpUZG1yVmtVYmdBMUZiRjRRPT0iXSxudWxsLG51bGwsbnVsbCxudWxsLG51bGwsWzE3NDA2NDc5OTEsNjEwMDAwMDAwXSxudWxsLG51bGwsbnVsbCxbbnVsbCxbNyw2XSxudWxsLG51bGwsbnVsbCxudWxsLG51bGwsbnVsbCxudWxsLG51bGwsbnVsbCwxXSwiaHR0cHM6Ly9yZXBsYXkucG9rZW1vbnNob3dkb3duLmNvbS9nZW45YnNzcmVnZy0yMzA3OTM2ODk4IixudWxsLFtbOCwiSlRreXF4eUVXeXMiXSxbOSwiamEiXSxbMjMsIjE3NDA2NDcwMDMiXSxbMTksIjIiXSxbMjQsIiJdXV0"></script><script async="" src="https://fundingchoicesmessages.google.com/f/AGSKWxUOFbM5l_n5zvwHE37BujMItav602UxbjVRJ_-yTMQXkLNJ9FyNnt8XUahHsN0LIRyp1Amn7DNKZqY1NrhtvkZ_tomcAq26fo4ERNdk1bkU8JOvYUrGELBasi8S6nRN2A4y6-Wydw==?fccs=W1siQUtzUm9sOEhmdm9GMFJNQ184QlZjenZUalEyR00xQmNUbEVEUWhIcmZBQ3N2UXpUeHVHSDJqbkFQcXZUVkI4eFZqaEtNUXhUajdLYUNpQTJTcHlfX1hJV3JiSWR0bzhwZGZyWVh5SXdTZ1FrRm5EUzRYdmlVdWlxRkdEYkpaX0hJbkRBZGNfbE0wUl9yTVU4MXpUZG1yVmtVYmdBMUZiRjRRPT0iXSxudWxsLG51bGwsbnVsbCxudWxsLG51bGwsWzE3NDA2NDc5OTEsNzIwMDAwMDAwXSxudWxsLG51bGwsbnVsbCxbbnVsbCxbNyw2LDEwXSxudWxsLG51bGwsbnVsbCxudWxsLG51bGwsbnVsbCxudWxsLG51bGwsbnVsbCwxXSwiaHR0cHM6Ly9yZXBsYXkucG9rZW1vbnNob3dkb3duLmNvbS9nZW45YnNzcmVnZy0yMzA3OTM2ODk4IixudWxsLFtbOCwiSlRreXF4eUVXeXMiXSxbOSwiamEiXSxbMjMsIjE3NDA2NDcwMDMiXSxbMTksIjIiXSxbMjQsIiJdXV0"></script><script async="" src="https://fundingchoicesmessages.google.com/f/AGSKWxWQGj5D0AswyaH_QeaRpOASsw8GFDCMCGx456ayGwM35NxW5qia9XYsVOZ5SB30j6DUrybm5TDL1NbLDukJtkMDn0_m7kANucaFyR9QALH_nNYrGjWdKz7YkJDEJl7XGxPUBK19CA==?fccs=W1siQUtzUm9sOEhmdm9GMFJNQ184QlZjenZUalEyR00xQmNUbEVEUWhIcmZBQ3N2UXpUeHVHSDJqbkFQcXZUVkI4eFZqaEtNUXhUajdLYUNpQTJTcHlfX1hJV3JiSWR0bzhwZGZyWVh5SXdTZ1FrRm5EUzRYdmlVdWlxRkdEYkpaX0hJbkRBZGNfbE0wUl9yTVU4MXpUZG1yVmtVYmdBMUZiRjRRPT0iXSxudWxsLG51bGwsbnVsbCxudWxsLG51bGwsWzE3NDA2NDc5OTEsODI3MDAwMDAwXSxudWxsLG51bGwsbnVsbCxbbnVsbCxbNyw2LDEwLDldLG51bGwsMixudWxsLCJlbi1HQiIsbnVsbCxudWxsLG51bGwsbnVsbCxudWxsLDFdLCJodHRwczovL3JlcGxheS5wb2tlbW9uc2hvd2Rvd24uY29tL2dlbjlic3NyZWdnLTIzMDc5MzY4OTgiLG51bGwsW1s4LCJKVGt5cXh5RVd5cyJdLFs5LCJqYSJdLFsyMywiMTc0MDY0NzAwMyJdLFsxOSwiMiJdLFsyNCwiIl1dXQ"></script></head><body><div>

	<header>
		<div class="nav-wrapper"><ul class="nav">
			<li><a class="button nav-first" href="//pokemonshowdown.com/"><img src="//pokemonshowdown.com/images/pokemonshowdownbeta.png" srcset="//pokemonshowdown.com/images/pokemonshowdownbeta.png 1x, //pokemonshowdown.com/images/pokemonshowdownbeta@2x.png 2x" alt="Pokémon Showdown" width="146" height="44"> Home</a></li>
			<li><a class="button" href="//pokemonshowdown.com/dex/">Pokédex</a></li>
			<li><a class="button cur" href="/">Replays</a></li>
			<li><a class="button" href="//pokemonshowdown.com/ladder/">Ladder</a></li>
			<li><a class="button nav-last" href="//pokemonshowdown.com/forums/">Forum</a></li>
			<li><a class="button greenbutton nav-first nav-last" href="//play.pokemonshowdown.com/">Play</a></li>
		</ul></div>
	</header>

	<div class="main" id="main"><div class="bar-wrapper"><div class="mainbar"><div style="position: relative;"><div class="battle" style="position: relative; transform: none; margin-bottom: 0px;"><div class="innerbattle"><div class="backdrop" style="display: block; opacity: 0.8; background-image: url(&quot;https://play.pokemonshowdown.com/sprites/gen6bgs/bg-beach.jpg&quot;);"></div><div class="weather"></div><div class="weather"></div><div></div><div><div><img src="https://play.pokemonshowdown.com/sprites/gen5/terapagos.png" width="96" height="96" style="position:absolute;top:50px;left:180px"><img src="https://play.pokemonshowdown.com/sprites/ani/qwilfish.gif" width="61" height="50" style="position:absolute;top:76px;left:247px"><img src="https://play.pokemonshowdown.com/sprites/ani/landorus-therian.gif" width="73" height="94" style="position:absolute;top:57px;left:291px"><img src="https://play.pokemonshowdown.com/sprites/ani/moltres-galar.gif" width="155" height="145" style="position:absolute;top:34px;left:300px"><img src="https://play.pokemonshowdown.com/sprites/gen5/fluttermane.png" width="96" height="96" style="position:absolute;top:62px;left:380px"><img src="https://play.pokemonshowdown.com/sprites/ani/regice.gif" width="107" height="82" style="position:absolute;top:72px;left:424px"><div style="position:absolute;top:143px;left:188px;width:80px;font-size:10px;text-align:center;color:#FFF;"><img src="https://play.pokemonshowdown.com/fx/gender-m.png" alt="M" width="7" height="10" class="pixelated" style="margin-bottom:-1px"> <span style="text-shadow:#000 1px 1px 0,#000 1px -1px 0,#000 -1px 1px 0,#000 -1px -1px 0"><small>L</small>50</span></div><div style="position:absolute;top:146px;left:238px;width:80px;font-size:10px;text-align:center;color:#FFF;"><img src="https://play.pokemonshowdown.com/fx/gender-m.png" alt="M" width="7" height="10" class="pixelated" style="margin-bottom:-1px"> <span style="text-shadow:#000 1px 1px 0,#000 1px -1px 0,#000 -1px 1px 0,#000 -1px -1px 0"><small>L</small>50</span></div><div style="position:absolute;top:149px;left:288px;width:80px;font-size:10px;text-align:center;color:#FFF;"><img src="https://play.pokemonshowdown.com/fx/gender-m.png" alt="M" width="7" height="10" class="pixelated" style="margin-bottom:-1px"> <span style="text-shadow:#000 1px 1px 0,#000 1px -1px 0,#000 -1px 1px 0,#000 -1px -1px 0"><small>L</small>50</span></div><div style="position:absolute;top:152px;left:338px;width:80px;font-size:10px;text-align:center;color:#FFF;"><span style="text-shadow:#000 1px 1px 0,#000 1px -1px 0,#000 -1px 1px 0,#000 -1px -1px 0"><small>L</small>50</span></div><div style="position:absolute;top:155px;left:388px;width:80px;font-size:10px;text-align:center;color:#FFF;"><span style="text-shadow:#000 1px 1px 0,#000 1px -1px 0,#000 -1px 1px 0,#000 -1px -1px 0"><small>L</small>50</span></div><div style="position:absolute;top:158px;left:438px;width:80px;font-size:10px;text-align:center;color:#FFF;"><span style="text-shadow:#000 1px 1px 0,#000 1px -1px 0,#000 -1px 1px 0,#000 -1px -1px 0"><small>L</small>50</span></div></div><div></div><div></div><div><img src="https://play.pokemonshowdown.com/sprites/ani-back/eternatus.gif" width="247" height="149" style="position:absolute;top:173px;left:24px"><img src="https://play.pokemonshowdown.com/sprites/gen5-back/chiyu.png" width="96" height="96" style="position:absolute;top:203px;left:150px"><img src="https://play.pokemonshowdown.com/sprites/ani-back/dondozo.gif" width="179" height="68" style="position:absolute;top:220px;left:158px"><img src="https://play.pokemonshowdown.com/sprites/ani-back/blissey.gif" width="80" height="74" style="position:absolute;top:220px;left:258px"><img src="https://play.pokemonshowdown.com/sprites/gen5-back/greattusk.png" width="96" height="96" style="position:absolute;top:212px;left:300px"><img src="https://play.pokemonshowdown.com/sprites/gen5-back/chienpao.png" width="96" height="96" style="position:absolute;top:215px;left:350px"><div style="position:absolute;top:293px;left:108px;width:80px;font-size:10px;text-align:center;color:#FFF;"><span style="text-shadow:#000 1px 1px 0,#000 1px -1px 0,#000 -1px 1px 0,#000 -1px -1px 0"><small>L</small>50</span></div><div style="position:absolute;top:296px;left:158px;width:80px;font-size:10px;text-align:center;color:#FFF;"><span style="text-shadow:#000 1px 1px 0,#000 1px -1px 0,#000 -1px 1px 0,#000 -1px -1px 0"><small>L</small>50</span></div><div style="position:absolute;top:299px;left:208px;width:80px;font-size:10px;text-align:center;color:#FFF;"><img src="https://play.pokemonshowdown.com/fx/gender-f.png" alt="F" width="7" height="10" class="pixelated" style="margin-bottom:-1px"> <span style="text-shadow:#000 1px 1px 0,#000 1px -1px 0,#000 -1px 1px 0,#000 -1px -1px 0"><small>L</small>50</span></div><div style="position:absolute;top:302px;left:258px;width:80px;font-size:10px;text-align:center;color:#FFF;"><img src="https://play.pokemonshowdown.com/fx/gender-f.png" alt="F" width="7" height="10" class="pixelated" style="margin-bottom:-1px"> <span style="text-shadow:#000 1px 1px 0,#000 1px -1px 0,#000 -1px 1px 0,#000 -1px -1px 0"><small>L</small>50</span></div><div style="position:absolute;top:305px;left:308px;width:80px;font-size:10px;text-align:center;color:#FFF;"><span style="text-shadow:#000 1px 1px 0,#000 1px -1px 0,#000 -1px 1px 0,#000 -1px -1px 0"><small>L</small>50</span></div><div style="position:absolute;top:308px;left:358px;width:80px;font-size:10px;text-align:center;color:#FFF;"><span style="text-shadow:#000 1px 1px 0,#000 1px -1px 0,#000 -1px 1px 0,#000 -1px -1px 0"><small>L</small>50</span></div></div></div><div role="complementary" aria-label="Active Pokemon"></div><div></div><div class="leftbar" role="complementary" aria-label="Your Team"><div class="trainer trainer-near"><strong>josh31717</strong><div class="trainersprite" title="Rating: 1373" style="background-image:url(https://play.pokemonshowdown.com/sprites/trainers/morty.png)"></div><div class="teamicons"><span class="picon has-tooltip" data-tooltip="pokemon|0|0" style="background:transparent url(https://play.pokemonshowdown.com/sprites/pokemonicons-sheet.png?v18) no-repeat scroll -80px -2220px;opacity:0.6" aria-label="Eternatus"></span><span class="picon has-tooltip" data-tooltip="pokemon|0|1" style="background:transparent url(https://play.pokemonshowdown.com/sprites/pokemonicons-sheet.png?v18) no-repeat scroll -320px -2490px;opacity:0.6" aria-label="Chi-Yu"></span><span class="picon has-tooltip" data-tooltip="pokemon|0|2" style="background:transparent url(https://play.pokemonshowdown.com/sprites/pokemonicons-sheet.png?v18) no-repeat scroll -200px -2430px;opacity:0.6" aria-label="Dondozo"></span></div><div class="teamicons"><span class="picon has-tooltip" data-tooltip="pokemon|0|3" style="background:transparent url(https://play.pokemonshowdown.com/sprites/pokemonicons-sheet.png?v18) no-repeat scroll -80px -600px;opacity:0.6" aria-label="Blissey"></span><span class="picon has-tooltip" data-tooltip="pokemon|0|4" style="background:transparent url(https://play.pokemonshowdown.com/sprites/pokemonicons-sheet.png?v18) no-repeat scroll -0px -2460px;opacity:0.6" aria-label="Great Tusk"></span><span class="picon has-tooltip" data-tooltip="pokemon|0|5" style="background:transparent url(https://play.pokemonshowdown.com/sprites/pokemonicons-sheet.png?v18) no-repeat scroll -240px -2490px;opacity:0.6" aria-label="Chien-Pao"></span></div><div class="teamicons"></div></div></div><div class="rightbar" role="complementary" aria-label="Opponent's Team"><div class="trainer trainer-far"><strong>buttue</strong><div class="trainersprite" title="Rating: 1250" style="background-image:url(https://play.pokemonshowdown.com/sprites/trainers/nate.png)"></div><div class="teamicons"><span class="picon has-tooltip" data-tooltip="pokemon|1|0" style="background:transparent url(https://play.pokemonshowdown.com/sprites/pokemonicons-sheet.png?v18) no-repeat scroll -160px -2550px;opacity:0.6" aria-label="Terapagos"></span><span class="picon has-tooltip" data-tooltip="pokemon|1|1" style="background:transparent url(https://play.pokemonshowdown.com/sprites/pokemonicons-sheet.png?v18) no-repeat scroll -280px -510px;opacity:0.6" aria-label="Qwilfish"></span><span class="picon has-tooltip" data-tooltip="pokemon|1|2" style="background:transparent url(https://play.pokemonshowdown.com/sprites/pokemonicons-sheet.png?v18) no-repeat scroll -320px -2730px;opacity:0.6" aria-label="Landorus-Therian"></span></div><div class="teamicons"><span class="picon has-tooltip" data-tooltip="pokemon|1|3" style="background:transparent url(https://play.pokemonshowdown.com/sprites/pokemonicons-sheet.png?v18) no-repeat scroll -400px -3060px;opacity:0.6" aria-label="Moltres-Galar"></span><span class="picon has-tooltip" data-tooltip="pokemon|1|4" style="background:transparent url(https://play.pokemonshowdown.com/sprites/pokemonicons-sheet.png?v18) no-repeat scroll -120px -2460px;opacity:0.6" aria-label="Flutter Mane"></span><span class="picon has-tooltip" data-tooltip="pokemon|1|5" style="background:transparent url(https://play.pokemonshowdown.com/sprites/pokemonicons-sheet.png?v18) no-repeat scroll -240px -930px;opacity:0.6" aria-label="Regice"></span></div><div class="teamicons"></div></div></div><div></div><div class="messagebar message"></div><div></div><div class="message" style="position:absolute;display:block;visibility:hidden"></div><div class="tooltips"><div class="has-tooltip" style="position:absolute;top:70px;left:250px;width:80px;height:100px;" data-id="p2c" data-tooltip="activepokemon|1|2" data-ownheight="1"></div><div class="has-tooltip" style="position:absolute;top:85px;left:320px;width:90px;height:100px;" data-id="p2b" data-tooltip="activepokemon|1|1" data-ownheight="1"></div><div class="has-tooltip" style="position:absolute;top:90px;left:390px;width:100px;height:100px;" data-id="p2a" data-tooltip="activepokemon|1|0" data-ownheight="1"></div><div class="has-tooltip" style="position:absolute;top:200px;left:130px;width:120px;height:160px;" data-id="p1a" data-tooltip="activepokemon|0|0" data-ownheight="1"></div><div class="has-tooltip" style="position:absolute;top:200px;left:250px;width:150px;height:160px;" data-id="p1b" data-tooltip="activepokemon|0|1" data-ownheight="1"></div><div class="has-tooltip" style="position:absolute;top:200px;left:350px;width:150px;height:160px;" data-id="p1c" data-tooltip="activepokemon|0|2" data-ownheight="1"></div></div></div><div class="playbutton"><button name="play" class="button"><i class="fa fa-play"></i> Play</button><br><br><button name="play-muted" class="startsoundchooser button" style="font-size:10pt">Play (sound off)</button></div></div><div class="battle-log" role="log"><div class="battle-options"></div><div class="inner message-log"><div class="chat"><small>☆josh31717 and ☆buttue joined</small></div><div class=""><small>Format:</small> <br><strong>[Gen 9] BSS Reg G</strong></div><div class="rated"><strong>Rated battle</strong></div><div class=""><small><em>Species Clause:</em> Limit one of each Pokémon</small></div><div class=""><small><em>Item Clause:</em> Limit 1 of each item</small></div><div class="chat battle-history"><strong>josh31717's team:</strong> <em style="color:#445566;display:block;">Eternatus / Chi-Yu / Dondozo / Blissey / Great Tusk / Chien-Pao</em></div><div class="chat battle-history"><strong>buttue's team:</strong> <em style="color:#445566;display:block;">Terapagos / Qwilfish / Landorus-Therian / Moltres-Galar / Flutter Mane / Regice</em></div></div><div class="inner-preempt message-log"></div></div><div class="replay-controls"><p><button class="button" style="width: 5em; margin-right: 3px;"><i class="fa fa-play"></i><br><strong>Play</strong></button> <button class="button button-first" disabled=""><i class="fa fa-fast-backward"></i><br>First turn</button><button class="button button-first" disabled="" style="margin-left: 1px; position: relative; z-index: 1;"><i class="fa fa-step-backward"></i><br>Prev turn</button><button class="button button-last" style="margin-right: 2px;"><i class="fa fa-step-forward"></i><br>Skip turn</button><button class="button button-last"><i class="fa fa-fast-forward"></i><br>Skip to end</button> <button class="button"><i class="fa fa-repeat"></i> Go to turn...</button></p><p><label class="optgroup">Speed:<br><select name="speed" class="button"><option value="hyperfast">Hyperfast</option><option value="fast">Fast</option><option value="normal">Normal</option><option value="slow">Slow</option><option value="reallyslow">Really slow</option></select></label> <label class="optgroup">Sound:<br><select name="sound" class="button"><option value="on">On</option><option value="musicoff">Music Off</option><option value="off">Muted</option></select></label> <label class="optgroup">Dark mode:<br><select name="darkmode" class="button"><option value="auto">Automatic</option><option value="dark">Dark</option><option value="light">Light</option></select></label> <label class="optgroup">Viewpoint:<br><button name="viewpoint" class="button">josh31717 <i class="fa fa-random" aria-label="Switch viewpoint"></i></button></label></p><h1><strong>[Gen 9] BSS Reg G</strong>: josh31717 vs. buttue</h1><p><a class="button" href="#" style="float: right;"><i class="fa fa-download" aria-hidden="true"></i> Download</a>Wed Feb 26 2025 | <em>Rating:</em> 1283</p><p><a href="." class="button"><i class="fa fa-caret-left"></i> More replays</a></p></div><div id="LeaderboardBTF"><div class="vm-placement" data-id="6452680c0b35755a3f09b59b" data-pos="1101" id="6452680c0b35755a3f09b59b-1101" data-reg="true" data-rejected="true" style="background: none; position: relative; overflow: hidden; margin: 0px auto; max-width: 970px; width: 970px; height: 250px;" data-google-query-id="CJvNpYrD44sDFcuI6QUdKeMKjw"><div id="google_ads_iframe_/21726375739,22916103450/VM_642aba63ec9a7b11c3c9c1be/VM_6452680c0b35755a3f09b59b_0__container__" style="border: 0pt none; display: none;"><iframe id="google_ads_iframe_/21726375739,22916103450/VM_642aba63ec9a7b11c3c9c1be/VM_6452680c0b35755a3f09b59b_0" name="google_ads_iframe_/21726375739,22916103450/VM_642aba63ec9a7b11c3c9c1be/VM_6452680c0b35755a3f09b59b_0" title="3rd party ad content" width="300" height="250" scrolling="no" marginwidth="0" marginheight="0" frameborder="0" aria-label="Advertisement" tabindex="0" allow="private-state-token-redemption;attribution-reporting" sandbox="allow-forms allow-pointer-lock allow-popups allow-popups-to-escape-sandbox allow-same-origin allow-scripts allow-top-navigation-by-user-activation allow-presentation" data-load-complete="true" style="border: 0px; vertical-align: bottom; display: none;" data-google-container-id="1"></iframe></div><iframe width="970" height="250" allowtransparency="true" marginheight="0" marginwidth="0" scrolling="no" frameborder="0" src="javascript:window.parent%5B%222bc2bb80-e78b-c11e-4ec7-45fb91f0568a%22%5D.run(%7Bwnd%3Awindow%2Csjs%3A%22javascript%3A'%3Chtml%3E%3Cbody%3E%3C%2Fbody%3E%3C%2Fhtml%3E'%22%7D)" sandbox="allow-forms allow-pointer-lock allow-popups allow-popups-to-escape-sandbox allow-same-origin allow-scripts allow-top-navigation-by-user-activation allow-presentation" style="display: block;"></iframe></div></div></div></div><div style="clear: both;"></div></div>

		<noscript><section class="section">You need to enable JavaScript to use this page; sorry!</section></noscript>

	</div>

</div>

<script defer="" nomodule="" src="//play.pokemonshowdown.com/js/lib/ps-polyfill.js"></script>
<script defer="" src="//play.pokemonshowdown.com/js/lib/preact.min.js"></script>

<script defer="" src="//play.pokemonshowdown.com/config/config.js?c26401c5"></script>
<script defer="" src="//play.pokemonshowdown.com/js/lib/jquery-1.11.0.min.js"></script>
<script defer="" src="//play.pokemonshowdown.com/js/lib/html-sanitizer-minified.js"></script>
<script defer="" src="//play.pokemonshowdown.com/js/battle-sound.js"></script>
<script defer="" src="//play.pokemonshowdown.com/js/battledata.js?0.14832469279025817"></script>
<script defer="" src="//play.pokemonshowdown.com/data/pokedex-mini.js?0.33945589529368037"></script>
<script defer="" src="//play.pokemonshowdown.com/data/pokedex-mini-bw.js?0.8023830347061633"></script>
<script defer="" src="//play.pokemonshowdown.com/data/graphics.js?0.41044878336296287"></script>
<script defer="" src="//play.pokemonshowdown.com/data/pokedex.js?0.9954804604281977"></script>
<script defer="" src="//play.pokemonshowdown.com/data/moves.js?0.28615866532549594"></script>
<script defer="" src="//play.pokemonshowdown.com/data/abilities.js?0.4808802365093021"></script>
<script defer="" src="//play.pokemonshowdown.com/data/items.js?0.0757413065159036"></script>
<script defer="" src="//play.pokemonshowdown.com/data/teambuilder-tables.js?0.46076668685013433"></script>
<script defer="" src="//play.pokemonshowdown.com/js/battle-tooltips.js?0.6477502301672804"></script>
<script defer="" src="//play.pokemonshowdown.com/js/battle.js?0.04130039862680368"></script>

<script defer="" src="js/utils.js?0abca7ba"></script>
<script defer="" src="js/replays-battle.js?208ecb6b"></script>

<!-- don't scrape this data! just add .json or .log after the URL!
Full API docs: https://github.com/smogon/pokemon-showdown-client/blob/master/WEB-API.md -->
<script type="text/plain" class="log" id="replaylog-gen9bssregg-2307936898">
|j|☆josh31717
|j|☆buttue
|t:|1740528928
|gametype|singles
|player|p1|josh31717|morty|1373
|player|p2|buttue|266|1250
|teamsize|p1|6
|teamsize|p2|6
|gen|9
|tier|[Gen 9] BSS Reg G
|rated|
|rule|Species Clause: Limit one of each Pokémon
|rule|Item Clause: Limit 1 of each item
|clearpoke
|poke|p1|Eternatus, L50|
|poke|p1|Chi-Yu, L50|
|poke|p1|Dondozo, L50, F|
|poke|p1|Blissey, L50, F|
|poke|p1|Great Tusk, L50|
|poke|p1|Chien-Pao, L50|
|poke|p2|Terapagos, L50, M|
|poke|p2|Qwilfish, L50, M|
|poke|p2|Landorus-Therian, L50, M|
|poke|p2|Moltres-Galar, L50|
|poke|p2|Flutter Mane, L50|
|poke|p2|Regice, L50|
|teampreview|3
|inactive|Battle timer is ON: inactive players will automatically lose when time's up. (requested by buttue)
|
|t:|1740529001
|start
|switch|p1a: Chien-Pao|Chien-Pao, L50|100/100
|switch|p2a: Moltres|Moltres-Galar, L50|100/100
|-ability|p1a: Chien-Pao|Sword of Ruin
|turn|1
|
|t:|1740529010
|switch|p2a: Qwilfish|Qwilfish, L50, M|100/100
|-ability|p2a: Qwilfish|Intimidate|boost
|-unboost|p1a: Chien-Pao|atk|1
|move|p1a: Chien-Pao|Icicle Crash|p2a: Qwilfish
|-resisted|p2a: Qwilfish
|-crit|p2a: Qwilfish
|-damage|p2a: Qwilfish|63/100
|
|upkeep
|turn|2
|
|t:|1740529035
|switch|p1a: Blissey|Blissey, L50, F|100/100
|move|p2a: Qwilfish|Toxic Spikes|p1a: Blissey
|-sidestart|p1: josh31717|move: Toxic Spikes
|
|upkeep
|turn|3
|
|t:|1740529043
|move|p2a: Qwilfish|Thunder Wave|p1a: Blissey
|-status|p1a: Blissey|par
|move|p1a: Blissey|Defense Curl|p1a: Blissey
|-boost|p1a: Blissey|def|1
|
|upkeep
|turn|4
|
|t:|1740529052
|move|p2a: Qwilfish|Taunt|p1a: Blissey
|-start|p1a: Blissey|move: Taunt
|cant|p1a: Blissey|move: Taunt|Defense Curl
|
|upkeep
|turn|5
|
|t:|1740529057
|move|p2a: Qwilfish|Flip Turn|p1a: Blissey
|-damage|p1a: Blissey|88/100 par
|
|t:|1740529072
|switch|p2a: Moltres|Moltres-Galar, L50|100/100|[from] Flip Turn
|move|p1a: Blissey|Dazzling Gleam|p2a: Moltres
|-supereffective|p2a: Moltres
|-damage|p2a: Moltres|82/100
|
|upkeep
|turn|6
|
|t:|1740529079
|move|p2a: Moltres|Air Slash|p1a: Blissey
|-damage|p1a: Blissey|80/100 par
|cant|p1a: Blissey|flinch
|
|-end|p1a: Blissey|move: Taunt
|upkeep
|turn|7
|
|t:|1740529084
|move|p2a: Moltres|Taunt|p1a: Blissey
|-start|p1a: Blissey|move: Taunt
|cant|p1a: Blissey|move: Taunt|Calm Mind
|
|upkeep
|turn|8
|
|t:|1740529100
|-curestatus|p1a: Blissey|par|[from] ability: Natural Cure
|switch|p1a: Chi-Yu|Chi-Yu, L50|100/100
|-status|p1a: Chi-Yu|psn
|-ability|p1a: Chi-Yu|Beads of Ruin
|move|p2a: Moltres|Air Slash|p1a: Chi-Yu
|-damage|p1a: Chi-Yu|84/100 psn
|
|-damage|p1a: Chi-Yu|71/100 psn|[from] psn
|upkeep
|turn|9
|
|t:|1740529119
|switch|p1a: Blissey|Blissey, L50, F|80/100
|-status|p1a: Blissey|psn
|move|p2a: Moltres|Snarl|p1a: Blissey
|-damage|p1a: Blissey|73/100 psn
|-unboost|p1a: Blissey|spa|1
|
|-damage|p1a: Blissey|60/100 psn|[from] psn
|upkeep
|turn|10
|
|t:|1740529134
|switch|p2a: Terapagos|Terapagos, L50, M|100/100
|-activate|p2a: Terapagos|ability: Tera Shift
|detailschange|p2a: Terapagos|Terapagos-Terastal, L50, M
|-heal|p2a: Terapagos|100/100|[silent]
|-curestatus|p1a: Blissey|psn|[from] ability: Natural Cure
|switch|p1a: Chien-Pao|Chien-Pao, L50|100/100
|-status|p1a: Chien-Pao|psn
|-ability|p1a: Chien-Pao|Sword of Ruin
|
|-damage|p1a: Chien-Pao|88/100 psn|[from] psn
|upkeep
|turn|11
|
|t:|1740529155
|switch|p1a: Blissey|Blissey, L50, F|60/100
|-status|p1a: Blissey|psn
|move|p2a: Terapagos|Calm Mind|p2a: Terapagos
|-boost|p2a: Terapagos|spa|1
|-boost|p2a: Terapagos|spd|1
|-enditem|p1a: Blissey|Mirror Herb
|-boost|p1a: Blissey|spa|1|[from] item: Mirror Herb
|-boost|p1a: Blissey|spd|1|[from] item: Mirror Herb
|
|-damage|p1a: Blissey|48/100 psn|[from] psn
|upkeep
|turn|12
|
|t:|1740529163
|move|p2a: Terapagos|Substitute|p2a: Terapagos
|-start|p2a: Terapagos|Substitute
|-damage|p2a: Terapagos|75/100
|move|p1a: Blissey|Soft-Boiled|p1a: Blissey
|-heal|p1a: Blissey|98/100 psn
|
|-heal|p2a: Terapagos|82/100|[from] item: Leftovers
|-damage|p1a: Blissey|86/100 psn|[from] psn
|upkeep
|turn|13
|
|t:|1740529169
|move|p2a: Terapagos|Calm Mind|p2a: Terapagos
|-boost|p2a: Terapagos|spa|1
|-boost|p2a: Terapagos|spd|1
|move|p1a: Blissey|Calm Mind|p1a: Blissey
|-boost|p1a: Blissey|spa|1
|-boost|p1a: Blissey|spd|1
|
|-heal|p2a: Terapagos|88/100|[from] item: Leftovers
|-damage|p1a: Blissey|73/100 psn|[from] psn
|upkeep
|turn|14
|
|t:|1740529177
|move|p2a: Terapagos|Calm Mind|p2a: Terapagos
|-boost|p2a: Terapagos|spa|1
|-boost|p2a: Terapagos|spd|1
|move|p1a: Blissey|Calm Mind|p1a: Blissey
|-boost|p1a: Blissey|spa|1
|-boost|p1a: Blissey|spd|1
|
|-heal|p2a: Terapagos|94/100|[from] item: Leftovers
|-damage|p1a: Blissey|61/100 psn|[from] psn
|upkeep
|turn|15
|
|t:|1740529180
|move|p2a: Terapagos|Calm Mind|p2a: Terapagos
|-boost|p2a: Terapagos|spa|1
|-boost|p2a: Terapagos|spd|1
|move|p1a: Blissey|Soft-Boiled|p1a: Blissey
|-heal|p1a: Blissey|100/100 psn
|
|-heal|p2a: Terapagos|100/100|[from] item: Leftovers
|-damage|p1a: Blissey|88/100 psn|[from] psn
|upkeep
|turn|16
|
|t:|1740529187
|move|p2a: Terapagos|Calm Mind|p2a: Terapagos
|-boost|p2a: Terapagos|spa|1
|-boost|p2a: Terapagos|spd|1
|move|p1a: Blissey|Calm Mind|p1a: Blissey
|-boost|p1a: Blissey|spa|1
|-boost|p1a: Blissey|spd|1
|
|-damage|p1a: Blissey|76/100 psn|[from] psn
|upkeep
|turn|17
|
|t:|1740529189
|move|p2a: Terapagos|Calm Mind|p2a: Terapagos
|-boost|p2a: Terapagos|spa|1
|-boost|p2a: Terapagos|spd|1
|move|p1a: Blissey|Calm Mind|p1a: Blissey
|-boost|p1a: Blissey|spa|1
|-boost|p1a: Blissey|spd|1
|
|-damage|p1a: Blissey|63/100 psn|[from] psn
|upkeep
|turn|18
|
|t:|1740529194
|-terastallize|p2a: Terapagos|Stellar
|detailschange|p2a: Terapagos|Terapagos-Stellar, L50, M, tera:Stellar
|-heal|p2a: Terapagos|100/100|[silent]
|move|p2a: Terapagos|Tera Starstorm|p1a: Blissey
|-damage|p1a: Blissey|44/100 psn
|move|p1a: Blissey|Calm Mind|p1a: Blissey
|-boost|p1a: Blissey|spa|1
|-boost|p1a: Blissey|spd|1
|
|-damage|p1a: Blissey|31/100 psn|[from] psn
|upkeep
|turn|19
|
|t:|1740529204
|move|p2a: Terapagos|Tera Starstorm|p1a: Blissey
|-damage|p1a: Blissey|13/100 psn
|move|p1a: Blissey|Soft-Boiled|p1a: Blissey
|-heal|p1a: Blissey|63/100 psn
|
|-damage|p1a: Blissey|51/100 psn|[from] psn
|upkeep
|turn|20
|
|t:|1740529209
|move|p2a: Terapagos|Protect|p2a: Terapagos
|-singleturn|p2a: Terapagos|Protect
|move|p1a: Blissey|Soft-Boiled|p1a: Blissey
|-heal|p1a: Blissey|100/100 psn
|
|-damage|p1a: Blissey|88/100 psn|[from] psn
|upkeep
|turn|21
|c|☆josh31717|thats an interesting choice of a moveset
|c|☆josh31717|enjoy that 8 pp
|inactive|josh31717 has 30 seconds left.
|
|t:|1740529237
|move|p2a: Terapagos|Calm Mind|p2a: Terapagos
|-boost|p2a: Terapagos|spa|0
|-boost|p2a: Terapagos|spd|0
|move|p1a: Blissey|Dazzling Gleam|p2a: Terapagos
|-activate|p2a: Terapagos|move: Substitute|[damage]
|
|-damage|p1a: Blissey|76/100 psn|[from] psn
|upkeep
|turn|22
|
|t:|1740529242
|move|p2a: Terapagos|Calm Mind|p2a: Terapagos
|-boost|p2a: Terapagos|spa|0
|-boost|p2a: Terapagos|spd|0
|move|p1a: Blissey|Dazzling Gleam|p2a: Terapagos
|-end|p2a: Terapagos|Substitute
|
|-damage|p1a: Blissey|63/100 psn|[from] psn
|upkeep
|turn|23
|
|t:|1740529247
|move|p2a: Terapagos|Substitute|p2a: Terapagos
|-start|p2a: Terapagos|Substitute
|-damage|p2a: Terapagos|76/100
|move|p1a: Blissey|Dazzling Gleam|p2a: Terapagos
|-activate|p2a: Terapagos|move: Substitute|[damage]
|
|-heal|p2a: Terapagos|82/100|[from] item: Leftovers
|-damage|p1a: Blissey|51/100 psn|[from] psn
|upkeep
|turn|24
|
|t:|1740529251
|move|p2a: Terapagos|Protect|p2a: Terapagos
|-singleturn|p2a: Terapagos|Protect
|move|p1a: Blissey|Soft-Boiled|p1a: Blissey
|-heal|p1a: Blissey|100/100 psn
|
|-heal|p2a: Terapagos|88/100|[from] item: Leftovers
|-damage|p1a: Blissey|88/100 psn|[from] psn
|upkeep
|turn|25
|
|t:|1740529256
|move|p2a: Terapagos|Calm Mind|p2a: Terapagos
|-boost|p2a: Terapagos|spa|0
|-boost|p2a: Terapagos|spd|0
|move|p1a: Blissey|Dazzling Gleam|p2a: Terapagos
|-activate|p2a: Terapagos|move: Substitute|[damage]
|
|-heal|p2a: Terapagos|94/100|[from] item: Leftovers
|-damage|p1a: Blissey|76/100 psn|[from] psn
|upkeep
|turn|26
|c|☆josh31717|do you enjoy playing like this?
|
|t:|1740529273
|move|p2a: Terapagos|Protect|p2a: Terapagos
|-singleturn|p2a: Terapagos|Protect
|move|p1a: Blissey|Dazzling Gleam|p2a: Terapagos
|-activate|p2a: Terapagos|move: Protect
|
|-heal|p2a: Terapagos|100/100|[from] item: Leftovers
|-damage|p1a: Blissey|63/100 psn|[from] psn
|upkeep
|turn|27
|
|t:|1740529276
|move|p2a: Terapagos|Calm Mind|p2a: Terapagos
|-boost|p2a: Terapagos|spa|0
|-boost|p2a: Terapagos|spd|0
|move|p1a: Blissey|Dazzling Gleam|p2a: Terapagos
|-end|p2a: Terapagos|Substitute
|
|-damage|p1a: Blissey|51/100 psn|[from] psn
|upkeep
|turn|28
|
|t:|1740529280
|move|p2a: Terapagos|Protect|p2a: Terapagos
|-singleturn|p2a: Terapagos|Protect
|move|p1a: Blissey|Soft-Boiled|p1a: Blissey
|-heal|p1a: Blissey|100/100 psn
|
|-damage|p1a: Blissey|88/100 psn|[from] psn
|upkeep
|turn|29
|
|t:|1740529284
|move|p2a: Terapagos|Calm Mind|p2a: Terapagos
|-boost|p2a: Terapagos|spa|0
|-boost|p2a: Terapagos|spd|0
|move|p1a: Blissey|Defense Curl|p1a: Blissey
|-boost|p1a: Blissey|def|1
|
|-damage|p1a: Blissey|76/100 psn|[from] psn
|upkeep
|turn|30
|
|t:|1740529287
|move|p2a: Terapagos|Calm Mind|p2a: Terapagos
|-boost|p2a: Terapagos|spa|0
|-boost|p2a: Terapagos|spd|0
|move|p1a: Blissey|Defense Curl|p1a: Blissey
|-boost|p1a: Blissey|def|1
|
|-damage|p1a: Blissey|63/100 psn|[from] psn
|upkeep
|turn|31
|
|t:|1740529290
|move|p2a: Terapagos|Substitute|p2a: Terapagos
|-start|p2a: Terapagos|Substitute
|-damage|p2a: Terapagos|76/100
|move|p1a: Blissey|Defense Curl|p1a: Blissey
|-boost|p1a: Blissey|def|1
|
|-heal|p2a: Terapagos|82/100|[from] item: Leftovers
|-damage|p1a: Blissey|51/100 psn|[from] psn
|upkeep
|turn|32
|
|t:|1740529294
|move|p2a: Terapagos|Protect|p2a: Terapagos
|-singleturn|p2a: Terapagos|Protect
|move|p1a: Blissey|Defense Curl|p1a: Blissey
|-boost|p1a: Blissey|def|1
|
|-heal|p2a: Terapagos|88/100|[from] item: Leftovers
|-damage|p1a: Blissey|38/100 psn|[from] psn
|upkeep
|turn|33
|
|t:|1740529298
|move|p2a: Terapagos|Calm Mind|p2a: Terapagos
|-boost|p2a: Terapagos|spa|0
|-boost|p2a: Terapagos|spd|0
|move|p1a: Blissey|Soft-Boiled|p1a: Blissey
|-heal|p1a: Blissey|88/100 psn
|
|-heal|p2a: Terapagos|94/100|[from] item: Leftovers
|-damage|p1a: Blissey|76/100 psn|[from] psn
|upkeep
|turn|34
|
|t:|1740529300
|move|p2a: Terapagos|Calm Mind|p2a: Terapagos
|-boost|p2a: Terapagos|spa|0
|-boost|p2a: Terapagos|spd|0
|move|p1a: Blissey|Defense Curl|p1a: Blissey
|-boost|p1a: Blissey|def|1
|
|-heal|p2a: Terapagos|100/100|[from] item: Leftovers
|-damage|p1a: Blissey|64/100 psn|[from] psn
|upkeep
|turn|35
|
|t:|1740529304
|move|p2a: Terapagos|Calm Mind|p2a: Terapagos
|-boost|p2a: Terapagos|spa|0
|-boost|p2a: Terapagos|spd|0
|move|p1a: Blissey|Defense Curl|p1a: Blissey
|-boost|p1a: Blissey|def|1
|
|-damage|p1a: Blissey|51/100 psn|[from] psn
|upkeep
|turn|36
|
|t:|1740529307
|move|p2a: Terapagos|Protect|p2a: Terapagos
|-singleturn|p2a: Terapagos|Protect
|move|p1a: Blissey|Soft-Boiled|p1a: Blissey
|-heal|p1a: Blissey|100/100 psn
|
|-damage|p1a: Blissey|88/100 psn|[from] psn
|upkeep
|turn|37
|
|t:|1740529310
|move|p2a: Terapagos|Calm Mind|p2a: Terapagos
|-boost|p2a: Terapagos|spa|0
|-boost|p2a: Terapagos|spd|0
|move|p1a: Blissey|Dazzling Gleam|p2a: Terapagos
|-crit|p2a: Terapagos
|-end|p2a: Terapagos|Substitute
|
|-damage|p1a: Blissey|76/100 psn|[from] psn
|upkeep
|turn|38
|
|t:|1740529314
|move|p2a: Terapagos|Substitute|p2a: Terapagos
|-start|p2a: Terapagos|Substitute
|-damage|p2a: Terapagos|76/100
|move|p1a: Blissey|Dazzling Gleam|p2a: Terapagos
|-activate|p2a: Terapagos|move: Substitute|[damage]
|
|-heal|p2a: Terapagos|82/100|[from] item: Leftovers
|-damage|p1a: Blissey|63/100 psn|[from] psn
|upkeep
|turn|39
|
|t:|1740529318
|move|p2a: Terapagos|Protect|p2a: Terapagos
|-singleturn|p2a: Terapagos|Protect
|move|p1a: Blissey|Dazzling Gleam|p2a: Terapagos
|-activate|p2a: Terapagos|move: Protect
|
|-heal|p2a: Terapagos|88/100|[from] item: Leftovers
|-damage|p1a: Blissey|51/100 psn|[from] psn
|upkeep
|turn|40
|
|t:|1740529322
|move|p2a: Terapagos|Calm Mind|p2a: Terapagos
|-boost|p2a: Terapagos|spa|0
|-boost|p2a: Terapagos|spd|0
|move|p1a: Blissey|Dazzling Gleam|p2a: Terapagos
|-activate|p2a: Terapagos|move: Substitute|[damage]
|
|-heal|p2a: Terapagos|94/100|[from] item: Leftovers
|-damage|p1a: Blissey|38/100 psn|[from] psn
|upkeep
|turn|41
|
|t:|1740529326
|move|p2a: Terapagos|Protect|p2a: Terapagos
|-singleturn|p2a: Terapagos|Protect
|move|p1a: Blissey|Dazzling Gleam|p2a: Terapagos
|-activate|p2a: Terapagos|move: Protect
|
|-heal|p2a: Terapagos|100/100|[from] item: Leftovers
|-damage|p1a: Blissey|26/100 psn|[from] psn
|upkeep
|turn|42
|
|t:|1740529329
|move|p2a: Terapagos|Tera Starstorm|p1a: Blissey
|-damage|p1a: Blissey|9/100 psn
|move|p1a: Blissey|Dazzling Gleam|p2a: Terapagos
|-end|p2a: Terapagos|Substitute
|
|-damage|p1a: Blissey|0 fnt|[from] psn
|faint|p1a: Blissey
|upkeep
|
|t:|1740529337
|switch|p1a: Chien-Pao|Chien-Pao, L50|88/100 psn
|-ability|p1a: Chien-Pao|Sword of Ruin
|turn|43
|
|t:|1740529353
|move|p1a: Chien-Pao|Icicle Crash|p2a: Terapagos
|-damage|p2a: Terapagos|61/100
|move|p2a: Terapagos|Tera Starstorm|p1a: Chien-Pao
|-damage|p1a: Chien-Pao|0 fnt
|faint|p1a: Chien-Pao
|
|-heal|p2a: Terapagos|67/100|[from] item: Leftovers
|upkeep
|
|t:|1740529358
|switch|p1a: Chi-Yu|Chi-Yu, L50|71/100 psn
|-ability|p1a: Chi-Yu|Beads of Ruin
|turn|44
|-message|josh31717 forfeited.
|
|win|buttue
|raw|josh31717's rating: 1373 &rarr; <strong>1346<\/strong><br />(-27 for losing)
|raw|buttue's rating: 1250 &rarr; <strong>1283<\/strong><br />(+33 for winning)
|l|☆josh31717
|player|p1|

</script>
<script type="application/json" class="data" id="replaydata-gen9bssregg-2307936898">
{"id":"gen9bssregg-2307936898","format":"[Gen 9] BSS Reg G","players":["josh31717","buttue"],"uploadtime":1740529664,"views":1,"formatid":"gen9bssregg","rating":1283,"private":0,"password":null}
</script>

<script defer="" src="js/replays.js?dd856472"></script>
<iframe name="googlefcPresent" style="display: none; width: 0px; height: 0px; border: none; z-index: -1000; left: -1000px; top: -1000px;"></iframe><iframe marginwidth="0" marginheight="0" scrolling="no" frameborder="0" id="17f534399fd78e" width="0" height="0" src="about:blank" name="__pb_locator__" style="display: none; height: 0px; width: 0px; border: 0px;"></iframe><iframe name="__tcfapiLocator" src="about:blank" style="display: none; width: 0px; height: 0px; border: none; z-index: -1000; left: -1000px; top: -1000px;"></iframe><iframe name="__uspapiLocator" src="about:blank" style="display: none; width: 0px; height: 0px; border: none; z-index: -1000; left: -1000px; top: -1000px;"></iframe><iframe name="__gppLocator" src="about:blank" style="display: none; width: 0px; height: 0px; border: none; z-index: -1000; left: -1000px; top: -1000px;"></iframe><iframe name="googlefcInactive" src="about:blank" style="display: none; width: 0px; height: 0px; border: none; z-index: -1000; left: -1000px; top: -1000px;"></iframe><iframe name="googlefcLoaded" src="about:blank" style="display: none; width: 0px; height: 0px; border: none; z-index: -1000; left: -1000px; top: -1000px;"></iframe><iframe src="https://s.amazon-adsystem.com/iu3?cm3ppd=1&amp;d=dtb-pub&amp;csif=t&amp;dl=n-mediagrid_an-db5" sandbox="allow-forms allow-pointer-lock allow-popups allow-popups-to-escape-sandbox allow-same-origin allow-scripts allow-top-navigation-by-user-activation allow-presentation" style="display: none;"></iframe><iframe src="https://www.google.com/recaptcha/api2/aframe" width="0" height="0" style="display: none;"></iframe><iframe name="google_ads_top_frame" id="google_ads_top_frame" sandbox="allow-forms allow-pointer-lock allow-popups allow-popups-to-escape-sandbox allow-same-origin allow-scripts allow-top-navigation-by-user-activation allow-presentation" style="display: none; position: fixed; left: -999px; top: -999px; width: 0px; height: 0px;"></iframe></body><iframe name="goog_topics_frame" src="https://securepubads.g.doubleclick.net/static/topics/topics_frame.html" style="display: none;"></iframe></html>