<html class="dark"><head><script type="text/javascript" async="" src="https://cdn.edkt.io/rNn9xk/edgekit.min.js"></script><meta charset="utf-8">
<meta name="viewport" content="width=device-width">

<title>[Gen 9] BSS Reg G: ddd114514 vs. OKCCTV - Replays - Pokémon Showdown!</title>

<meta name="description" content="Watch a replay of a Pokémon battle between ddd114514 and OKCCTV! Format: [Gen 9] BSS Reg G; Date: Feb 27, 2025">
<!--

Hey, you! Looking in the source for the replay log?

You can find them in JSON format, just add `.json` at the end of a replay URL.

https://replay.pokemonshowdown.com/gen7randomdoublesbattle-865046831.json

Or, if you only need the log itself, add `.log` instead:

https://replay.pokemonshowdown.com/gen7randomdoublesbattle-865046831.log

-->

<link rel="stylesheet" href="//pokemonshowdown.com/style/global.css?0.33511372851231">
<link rel="stylesheet" href="//play.pokemonshowdown.com/style/font-awesome.css?0.5883895382621385">
<link rel="stylesheet" href="//play.pokemonshowdown.com/style/battle.css?0.10240648377952621">
<link rel="stylesheet" href="//play.pokemonshowdown.com/style/utilichart.css?0.5738233469631782">

<!-- Global site tag (gtag.js) - Google Analytics -->
<script async="" src="https://secure.cdn.fastclick.net/js/cnvr-coreid/latest/coreid.min.js"></script><script async="" src="https://secure.cdn.fastclick.net/js/cnvr-launcher/latest/launcher.min.js"></script><script src="https://cdn.hadronid.net/hadron.js?url=https%3A%2F%2Freplay.pokemonshowdown.com%2Fgen9bssregg-2308715783&amp;ref=&amp;_it=amazon&amp;partner_id=288"></script><script src="https://rules.quantcount.com/rules-p-Hwnr8j7tWA3Nu.js" async=""></script><script type="text/javascript" async="" src="https://www.google-analytics.com/analytics.js"></script><script type="text/javascript" async="" src="https://www.googletagmanager.com/gtag/js?id=G-8B1DJVGJ9K&amp;l=dataLayer&amp;cx=c&amp;gtm=457e52o0za200&amp;tag_exp=101732282~101732284~102067808~102482433~102539968~102558064~102587591~102605417~102640600~102658453~102717422"></script><script async="" src="https://www.googletagmanager.com/gtag/js?id=UA-26211653-1"></script>
<script>
  window.dataLayer = window.dataLayer || [];
  function gtag(){dataLayer.push(arguments);}
  gtag('js', new Date());

  gtag('config', 'UA-26211653-1');
</script>
<!-- End Google Analytics -->
<!-- Venatus Ad Manager - Install in <HEAD> of page -->
	<script src="https://hb.vntsm.com/v3/live/ad-manager.min.js" type="text/javascript" data-site-id="642aba63ec9a7b11c3c9c1be" data-mode="scan" async=""></script>
<!-- / Venatus Ad Manager -->

<style>
	@media (max-width:820px) {
		.battle {
			margin: 0 auto;
		}
		.battle-log {
			margin: 7px auto 0;
			max-width: 640px;
			height: 300px;
			position: static;
		}
	}
	.optgroup {
		display: inline-block;
		line-height: 22px;
		font-size: 10pt;
	}
	.optgroup .button {
		height: 25px;
		padding-top: 0;
		padding-bottom: 0;
	}
	.optgroup button.button {
		padding-left: 12px;
		padding-right: 12px;
	}
	.linklist {
		list-style: none;
		margin: 0.5em 0;
		padding: 0;
	}
	.linklist li {
		padding: 2px 0;
	}
	.sidebar {
		float: left;
		width: 320px;
	}
	.bar-wrapper {
		max-width: 1100px;
		margin: 0 auto;
	}
	.bar-wrapper.has-sidebar {
		max-width: 1430px;
	}
	.mainbar {
		margin: 0;
		padding-right: 1px;
	}
	.mainbar.has-sidebar {
		margin-left: 330px;
	}
	@media (min-width: 1511px) {
		.sidebar {
			width: 400px;
		}
		.bar-wrapper.has-sidebar {
			max-width: 1510px;
		}
		.mainbar.has-sidebar {
			margin-left: 410px;
		}
	}
	.section.first-section {
		margin-top: 9px;
	}
	.blocklink small {
		white-space: normal;
	}
	.button {
		vertical-align: middle;
	}
	.replay-controls {
		padding-top: 10px;
	}
	.replay-controls h1 {
		font-size: 16pt;
		font-weight: normal;
		color: #CCC;
	}
	.pagelink {
		text-align: center;
	}
	.pagelink a {
		width: 150px;
	}
	.textbox, .button {
		font-size: 11pt;
		vertical-align: middle;
	}
	@media (max-width: 450px) {
		.button {
			font-size: 9pt;
		}
	}
</style>

<script type="text/javascript" src="https://hb.vntsm.com/v3/live/ad-manager-bundle.min.js" async=""></script><script type="text/javascript" src="https://ats.rlcdn.com/ats.js" async=""></script><script type="text/javascript" src="https://securepubads.g.doubleclick.net/tag/js/gpt.js" async=""></script><style>
          .vm-placement[data-rejected=true]>div[id^=google_ads_iframe] {
            display: none;
          }
          </style><script type="text/javascript" src="https://c.amazon-adsystem.com/aax2/apstag.js" async=""></script><script type="text/javascript" src="https://secure.quantserve.com/quant.js" async=""></script><script type="text/javascript" src="https://pub.doubleverify.com/dvtag/34896827/DV1430477/pub.js" async=""></script><meta http-equiv="origin-trial" content="AlK2UR5SkAlj8jjdEc9p3F3xuFYlF6LYjAML3EOqw1g26eCwWPjdmecULvBH5MVPoqKYrOfPhYVL71xAXI1IBQoAAAB8eyJvcmlnaW4iOiJodHRwczovL2RvdWJsZWNsaWNrLm5ldDo0NDMiLCJmZWF0dXJlIjoiV2ViVmlld1hSZXF1ZXN0ZWRXaXRoRGVwcmVjYXRpb24iLCJleHBpcnkiOjE3NTgwNjcxOTksImlzU3ViZG9tYWluIjp0cnVlfQ=="><meta http-equiv="origin-trial" content="Amm8/NmvvQfhwCib6I7ZsmUxiSCfOxWxHayJwyU1r3gRIItzr7bNQid6O8ZYaE1GSQTa69WwhPC9flq/oYkRBwsAAACCeyJvcmlnaW4iOiJodHRwczovL2dvb2dsZXN5bmRpY2F0aW9uLmNvbTo0NDMiLCJmZWF0dXJlIjoiV2ViVmlld1hSZXF1ZXN0ZWRXaXRoRGVwcmVjYXRpb24iLCJleHBpcnkiOjE3NTgwNjcxOTksImlzU3ViZG9tYWluIjp0cnVlfQ=="><meta http-equiv="origin-trial" content="A9wSqI5i0iwGdf6L1CERNdmsTPgVu44ewj8QxTBYgsv1LCPUVF7YmWOvTappqB1139jAymxUW/RO8zmMqo4zlAAAAACNeyJvcmlnaW4iOiJodHRwczovL2RvdWJsZWNsaWNrLm5ldDo0NDMiLCJmZWF0dXJlIjoiRmxlZGdlQmlkZGluZ0FuZEF1Y3Rpb25TZXJ2ZXIiLCJleHBpcnkiOjE3MzY4MTI4MDAsImlzU3ViZG9tYWluIjp0cnVlLCJpc1RoaXJkUGFydHkiOnRydWV9"><meta http-equiv="origin-trial" content="A+d7vJfYtay4OUbdtRPZA3y7bKQLsxaMEPmxgfhBGqKXNrdkCQeJlUwqa6EBbSfjwFtJWTrWIioXeMW+y8bWAgQAAACTeyJvcmlnaW4iOiJodHRwczovL2dvb2dsZXN5bmRpY2F0aW9uLmNvbTo0NDMiLCJmZWF0dXJlIjoiRmxlZGdlQmlkZGluZ0FuZEF1Y3Rpb25TZXJ2ZXIiLCJleHBpcnkiOjE3MzY4MTI4MDAsImlzU3ViZG9tYWluIjp0cnVlLCJpc1RoaXJkUGFydHkiOnRydWV9"><script src="https://securepubads.g.doubleclick.net/pagead/managed/js/gpt/m202502200101/pubads_impl.js" async=""></script><link href="https://securepubads.g.doubleclick.net/pagead/managed/dict/m202502250101/gpt" rel="compression-dictionary"><script src="https://config.aps.amazon-adsystem.com/configs/70247b00-ff8f-4016-b3ab-8344daf96e09" type="text/javascript" async="async"></script><script async="" src="https://fundingchoicesmessages.google.com/i/21726375739?ers=3"></script><script src="//secure.cdn.fastclick.net/js/pubcid/latest/pubcid.min.js"></script><script src="//cdn.id5-sync.com/api/1.0/id5-api.js"></script><script type="text/javascript" async="" src="https://secure.cdn.fastclick.net/js/cnvr-launcher/latest/launcher-stub.min.js"></script><script async="" src="https://fundingchoicesmessages.google.com/f/AGSKWxXZUkkw39nM6044RhZB0ZE9FPr32jaDahZL9iuydMmyQnrD1U-SWii7qTZO8nF1KgKb_1-pArcfuieAugRMT1oDzOaxJnRD2opF0o7dz8KXfPtHJIC_Nr-RqqyObtBSyY4C1TbYYg==?fccs=W1siQUtzUm9sX1hLSmNQVDk5eWdaNWxoQmFLOHJiZ1owSmJwUkZURDFXVjNUVFYxYzh3WEV1eVE2R0twc3p0UXJtc0ZfRlJYSDd0MjZQeDd0Z1hKOUFvVzZ5U2lTekUwaERhOEhkSWFFbUE3SWUzY0QyVXppZUZhbld2aXRZVkdNNXMxdE9rM3RFX21fT2N0ZHU3ZGs1SG5RRmg3TnUyVlhCdHlnPT0iXSxudWxsLG51bGwsbnVsbCxudWxsLG51bGwsWzE3NDA2NDcxMzEsNTc2MDAwMDAwXSxudWxsLG51bGwsbnVsbCxbbnVsbCxbN11dLCJodHRwczovL3JlcGxheS5wb2tlbW9uc2hvd2Rvd24uY29tL2dlbjlic3NyZWdnLTIzMDg3MTU3ODMiLG51bGwsW1s4LCJKVGt5cXh5RVd5cyJdLFs5LCJqYSJdLFsyMywiMTc0MDY0NzAwMyJdLFsxOSwiMiJdLFsyNCwiIl1dXQ"></script><script async="" src="https://fundingchoicesmessages.google.com/f/AGSKWxXU3b42yEZvAV6BkcPpk-tSMIuwwlJOSuKqzf2S5KbO8Jlc4SJBsss-I-KFE31CwDE7Jse8T7y357y_tT4i6GV2WHvVhYDBd5FJ6TXan8eV7dlEWNp8qSDd6hPmWBjRkAJrqitkuA==?fccs=W1siQUtzUm9sX1hLSmNQVDk5eWdaNWxoQmFLOHJiZ1owSmJwUkZURDFXVjNUVFYxYzh3WEV1eVE2R0twc3p0UXJtc0ZfRlJYSDd0MjZQeDd0Z1hKOUFvVzZ5U2lTekUwaERhOEhkSWFFbUE3SWUzY0QyVXppZUZhbld2aXRZVkdNNXMxdE9rM3RFX21fT2N0ZHU3ZGs1SG5RRmg3TnUyVlhCdHlnPT0iXSxudWxsLG51bGwsbnVsbCxudWxsLG51bGwsWzE3NDA2NDcxMzIsNDA1MDAwMDAwXSxudWxsLG51bGwsbnVsbCxbbnVsbCxbNyw2XSxudWxsLG51bGwsbnVsbCxudWxsLG51bGwsbnVsbCxudWxsLG51bGwsbnVsbCwxXSwiaHR0cHM6Ly9yZXBsYXkucG9rZW1vbnNob3dkb3duLmNvbS9nZW45YnNzcmVnZy0yMzA4NzE1NzgzIixudWxsLFtbOCwiSlRreXF4eUVXeXMiXSxbOSwiamEiXSxbMjMsIjE3NDA2NDcwMDMiXSxbMTksIjIiXSxbMjQsIiJdXV0"></script><script async="" src="https://fundingchoicesmessages.google.com/f/AGSKWxWOFLW8YrSF2ieOtPQUrcFKy3tjzRBv7on7dHZ53qxZ3EPiAxHdJn_LYpKRSKnj7i8qFLxXyd1A-b9R9tsSeI_ieYnkBhwwTXALr959m-h2faViPkUR8zOB5V65wEqrGAbe3hAmtw==?fccs=W1siQUtzUm9sX1hLSmNQVDk5eWdaNWxoQmFLOHJiZ1owSmJwUkZURDFXVjNUVFYxYzh3WEV1eVE2R0twc3p0UXJtc0ZfRlJYSDd0MjZQeDd0Z1hKOUFvVzZ5U2lTekUwaERhOEhkSWFFbUE3SWUzY0QyVXppZUZhbld2aXRZVkdNNXMxdE9rM3RFX21fT2N0ZHU3ZGs1SG5RRmg3TnUyVlhCdHlnPT0iXSxudWxsLG51bGwsbnVsbCxudWxsLG51bGwsWzE3NDA2NDcxMzIsNTEwMDAwMDAwXSxudWxsLG51bGwsbnVsbCxbbnVsbCxbNyw2LDEwXSxudWxsLG51bGwsbnVsbCxudWxsLG51bGwsbnVsbCxudWxsLG51bGwsbnVsbCwxXSwiaHR0cHM6Ly9yZXBsYXkucG9rZW1vbnNob3dkb3duLmNvbS9nZW45YnNzcmVnZy0yMzA4NzE1NzgzIixudWxsLFtbOCwiSlRreXF4eUVXeXMiXSxbOSwiamEiXSxbMjMsIjE3NDA2NDcwMDMiXSxbMTksIjIiXSxbMjQsIiJdXV0"></script><script async="" src="https://fundingchoicesmessages.google.com/f/AGSKWxUtmNY_M1-TUA07ygSEzMNYggG3IPqiGKV9mYu0FZ_60ujAuhIMQywsrLKwf9jAz4rRmxUrLj4LP49MZaw3H24lyA1eWlY47BM61mZL_6UC5gYHd8Iffn3g7S1nefJ6dj4p71jcqw==?fccs=W1siQUtzUm9sX1hLSmNQVDk5eWdaNWxoQmFLOHJiZ1owSmJwUkZURDFXVjNUVFYxYzh3WEV1eVE2R0twc3p0UXJtc0ZfRlJYSDd0MjZQeDd0Z1hKOUFvVzZ5U2lTekUwaERhOEhkSWFFbUE3SWUzY0QyVXppZUZhbld2aXRZVkdNNXMxdE9rM3RFX21fT2N0ZHU3ZGs1SG5RRmg3TnUyVlhCdHlnPT0iXSxudWxsLG51bGwsbnVsbCxudWxsLG51bGwsWzE3NDA2NDcxMzIsNjE3MDAwMDAwXSxudWxsLG51bGwsbnVsbCxbbnVsbCxbNyw2LDEwLDldLG51bGwsMixudWxsLCJlbi1HQiIsbnVsbCxudWxsLG51bGwsbnVsbCxudWxsLDFdLCJodHRwczovL3JlcGxheS5wb2tlbW9uc2hvd2Rvd24uY29tL2dlbjlic3NyZWdnLTIzMDg3MTU3ODMiLG51bGwsW1s4LCJKVGt5cXh5RVd5cyJdLFs5LCJqYSJdLFsyMywiMTc0MDY0NzAwMyJdLFsxOSwiMiJdLFsyNCwiIl1dXQ"></script></head><body><div>

	<header>
		<div class="nav-wrapper"><ul class="nav">
			<li><a class="button nav-first" href="//pokemonshowdown.com/"><img src="//pokemonshowdown.com/images/pokemonshowdownbeta.png" srcset="//pokemonshowdown.com/images/pokemonshowdownbeta.png 1x, //pokemonshowdown.com/images/pokemonshowdownbeta@2x.png 2x" alt="Pokémon Showdown" width="146" height="44"> Home</a></li>
			<li><a class="button" href="//pokemonshowdown.com/dex/">Pokédex</a></li>
			<li><a class="button cur" href="/">Replays</a></li>
			<li><a class="button" href="//pokemonshowdown.com/ladder/">Ladder</a></li>
			<li><a class="button nav-last" href="//pokemonshowdown.com/forums/">Forum</a></li>
			<li><a class="button greenbutton nav-first nav-last" href="//play.pokemonshowdown.com/">Play</a></li>
		</ul></div>
	</header>

	<div class="main" id="main"><div class="bar-wrapper"><div class="mainbar"><div style="position: relative;"><div class="battle" style="position: relative; transform: none; margin-bottom: 0px;"><div class="innerbattle"><div class="backdrop" style="display: block; opacity: 0.8; background-image: url(&quot;https://play.pokemonshowdown.com/sprites/gen6bgs/bg-aquacordetown.jpg&quot;);"></div><div class="weather"></div><div class="weather"></div><div></div><div><div><img src="https://play.pokemonshowdown.com/sprites/ani/rayquaza.gif" width="142" height="153" style="position:absolute;top:21px;left:157px"><img src="https://play.pokemonshowdown.com/sprites/ani/mamoswine-f.gif" width="98" height="84" style="position:absolute;top:59px;left:229px"><img src="https://play.pokemonshowdown.com/sprites/gen5/ceruledge.png" width="96" height="96" style="position:absolute;top:56px;left:280px"><img src="https://play.pokemonshowdown.com/sprites/gen5/wochien.png" width="96" height="96" style="position:absolute;top:59px;left:330px"><img src="https://play.pokemonshowdown.com/sprites/gen5/fluttermane.png" width="96" height="96" style="position:absolute;top:62px;left:380px"><img src="https://play.pokemonshowdown.com/sprites/ani/tentacruel.gif" width="68" height="85" style="position:absolute;top:70px;left:444px"><div style="position:absolute;top:143px;left:188px;width:80px;font-size:10px;text-align:center;color:#FFF;"><span style="text-shadow:#000 1px 1px 0,#000 1px -1px 0,#000 -1px 1px 0,#000 -1px -1px 0"><small>L</small>50</span></div><div style="position:absolute;top:146px;left:238px;width:80px;font-size:10px;text-align:center;color:#FFF;"><img src="https://play.pokemonshowdown.com/fx/gender-f.png" alt="F" width="7" height="10" class="pixelated" style="margin-bottom:-1px"> <span style="text-shadow:#000 1px 1px 0,#000 1px -1px 0,#000 -1px 1px 0,#000 -1px -1px 0"><small>L</small>50</span></div><div style="position:absolute;top:149px;left:288px;width:80px;font-size:10px;text-align:center;color:#FFF;"><img src="https://play.pokemonshowdown.com/fx/gender-f.png" alt="F" width="7" height="10" class="pixelated" style="margin-bottom:-1px"> <span style="text-shadow:#000 1px 1px 0,#000 1px -1px 0,#000 -1px 1px 0,#000 -1px -1px 0"><small>L</small>50</span></div><div style="position:absolute;top:152px;left:338px;width:80px;font-size:10px;text-align:center;color:#FFF;"><span style="text-shadow:#000 1px 1px 0,#000 1px -1px 0,#000 -1px 1px 0,#000 -1px -1px 0"><small>L</small>50</span></div><div style="position:absolute;top:155px;left:388px;width:80px;font-size:10px;text-align:center;color:#FFF;"><span style="text-shadow:#000 1px 1px 0,#000 1px -1px 0,#000 -1px 1px 0,#000 -1px -1px 0"><small>L</small>50</span></div><div style="position:absolute;top:158px;left:438px;width:80px;font-size:10px;text-align:center;color:#FFF;"><img src="https://play.pokemonshowdown.com/fx/gender-f.png" alt="F" width="7" height="10" class="pixelated" style="margin-bottom:-1px"> <span style="text-shadow:#000 1px 1px 0,#000 1px -1px 0,#000 -1px 1px 0,#000 -1px -1px 0"><small>L</small>50</span></div></div><div></div><div></div><div><img src="https://play.pokemonshowdown.com/sprites/ani-back/groudon.gif" width="141" height="89" style="position:absolute;top:203px;left:77px"><img src="https://play.pokemonshowdown.com/sprites/gen5-back/chiyu.png" width="96" height="96" style="position:absolute;top:203px;left:150px"><img src="https://play.pokemonshowdown.com/sprites/ani-back/galvantula.gif" width="94" height="53" style="position:absolute;top:227px;left:201px"><img src="https://play.pokemonshowdown.com/sprites/gen5-back/fluttermane.png" width="96" height="96" style="position:absolute;top:209px;left:250px"><img src="https://play.pokemonshowdown.com/sprites/gen5-back/baxcalibur.png" width="96" height="96" style="position:absolute;top:212px;left:300px"><img src="https://play.pokemonshowdown.com/sprites/ani-back/trevenant.gif" width="102" height="98" style="position:absolute;top:214px;left:347px"><div style="position:absolute;top:293px;left:108px;width:80px;font-size:10px;text-align:center;color:#FFF;"><span style="text-shadow:#000 1px 1px 0,#000 1px -1px 0,#000 -1px 1px 0,#000 -1px -1px 0"><small>L</small>50</span></div><div style="position:absolute;top:296px;left:158px;width:80px;font-size:10px;text-align:center;color:#FFF;"><span style="text-shadow:#000 1px 1px 0,#000 1px -1px 0,#000 -1px 1px 0,#000 -1px -1px 0"><small>L</small>50</span></div><div style="position:absolute;top:299px;left:208px;width:80px;font-size:10px;text-align:center;color:#FFF;"><img src="https://play.pokemonshowdown.com/fx/gender-m.png" alt="M" width="7" height="10" class="pixelated" style="margin-bottom:-1px"> <span style="text-shadow:#000 1px 1px 0,#000 1px -1px 0,#000 -1px 1px 0,#000 -1px -1px 0"><small>L</small>50</span></div><div style="position:absolute;top:302px;left:258px;width:80px;font-size:10px;text-align:center;color:#FFF;"><span style="text-shadow:#000 1px 1px 0,#000 1px -1px 0,#000 -1px 1px 0,#000 -1px -1px 0"><small>L</small>50</span></div><div style="position:absolute;top:305px;left:308px;width:80px;font-size:10px;text-align:center;color:#FFF;"><img src="https://play.pokemonshowdown.com/fx/gender-f.png" alt="F" width="7" height="10" class="pixelated" style="margin-bottom:-1px"> <span style="text-shadow:#000 1px 1px 0,#000 1px -1px 0,#000 -1px 1px 0,#000 -1px -1px 0"><small>L</small>50</span></div><div style="position:absolute;top:308px;left:358px;width:80px;font-size:10px;text-align:center;color:#FFF;"><img src="https://play.pokemonshowdown.com/fx/gender-m.png" alt="M" width="7" height="10" class="pixelated" style="margin-bottom:-1px"> <span style="text-shadow:#000 1px 1px 0,#000 1px -1px 0,#000 -1px 1px 0,#000 -1px -1px 0"><small>L</small>50</span></div></div></div><div role="complementary" aria-label="Active Pokemon"></div><div></div><div class="leftbar" role="complementary" aria-label="Your Team"><div class="trainer trainer-near"><strong>ddd114514</strong><div class="trainersprite" title="Rating: 1125" style="background-image:url(https://play.pokemonshowdown.com/sprites/trainers/hilda.png)"></div><div class="teamicons"><span class="picon has-tooltip" data-tooltip="pokemon|0|0" style="background:transparent url(https://play.pokemonshowdown.com/sprites/pokemonicons-sheet.png?v18) no-repeat scroll -440px -930px;opacity:0.6" aria-label="Groudon"></span><span class="picon has-tooltip" data-tooltip="pokemon|0|1" style="background:transparent url(https://play.pokemonshowdown.com/sprites/pokemonicons-sheet.png?v18) no-repeat scroll -320px -2490px;opacity:0.6" aria-label="Chi-Yu"></span><span class="picon has-tooltip" data-tooltip="pokemon|0|2" style="background:transparent url(https://play.pokemonshowdown.com/sprites/pokemonicons-sheet.png?v18) no-repeat scroll -320px -1470px;opacity:0.6" aria-label="Galvantula"></span></div><div class="teamicons"><span class="picon has-tooltip" data-tooltip="pokemon|0|3" style="background:transparent url(https://play.pokemonshowdown.com/sprites/pokemonicons-sheet.png?v18) no-repeat scroll -120px -2460px;opacity:0.6" aria-label="Flutter Mane"></span><span class="picon has-tooltip" data-tooltip="pokemon|0|4" style="background:transparent url(https://play.pokemonshowdown.com/sprites/pokemonicons-sheet.png?v18) no-repeat scroll -80px -2490px;opacity:0.6" aria-label="Baxcalibur"></span><span class="picon has-tooltip" data-tooltip="pokemon|0|5" style="background:transparent url(https://play.pokemonshowdown.com/sprites/pokemonicons-sheet.png?v18) no-repeat scroll -40px -1770px;opacity:0.6" aria-label="Trevenant"></span></div><div class="teamicons"></div></div></div><div class="rightbar" role="complementary" aria-label="Opponent's Team"><div class="trainer trainer-far"><strong>OKCCTV</strong><div class="trainersprite" title="Rating: 1225" style="background-image:url(https://play.pokemonshowdown.com/sprites/trainers/hilda.png)"></div><div class="teamicons"><span class="picon has-tooltip" data-tooltip="pokemon|1|0" style="background:transparent url(https://play.pokemonshowdown.com/sprites/pokemonicons-sheet.png?v18) no-repeat scroll -0px -960px;opacity:0.6" aria-label="Rayquaza"></span><span class="picon has-tooltip" data-tooltip="pokemon|1|1" style="background:transparent url(https://play.pokemonshowdown.com/sprites/pokemonicons-sheet.png?v18) no-repeat scroll -200px -1170px;opacity:0.6" aria-label="Mamoswine"></span><span class="picon has-tooltip" data-tooltip="pokemon|1|2" style="background:transparent url(https://play.pokemonshowdown.com/sprites/pokemonicons-sheet.png?v18) no-repeat scroll -40px -2340px;opacity:0.6" aria-label="Ceruledge"></span></div><div class="teamicons"><span class="picon has-tooltip" data-tooltip="pokemon|1|3" style="background:transparent url(https://play.pokemonshowdown.com/sprites/pokemonicons-sheet.png?v18) no-repeat scroll -200px -2490px;opacity:0.6" aria-label="Wo-Chien"></span><span class="picon has-tooltip" data-tooltip="pokemon|1|4" style="background:transparent url(https://play.pokemonshowdown.com/sprites/pokemonicons-sheet.png?v18) no-repeat scroll -120px -2460px;opacity:0.6" aria-label="Flutter Mane"></span><span class="picon has-tooltip" data-tooltip="pokemon|1|5" style="background:transparent url(https://play.pokemonshowdown.com/sprites/pokemonicons-sheet.png?v18) no-repeat scroll -40px -180px;opacity:0.6" aria-label="Tentacruel"></span></div><div class="teamicons"></div></div></div><div></div><div class="messagebar message"></div><div></div><div class="message" style="position:absolute;display:block;visibility:hidden"></div><div class="tooltips"><div class="has-tooltip" style="position:absolute;top:70px;left:250px;width:80px;height:100px;" data-id="p2c" data-tooltip="activepokemon|1|2" data-ownheight="1"></div><div class="has-tooltip" style="position:absolute;top:85px;left:320px;width:90px;height:100px;" data-id="p2b" data-tooltip="activepokemon|1|1" data-ownheight="1"></div><div class="has-tooltip" style="position:absolute;top:90px;left:390px;width:100px;height:100px;" data-id="p2a" data-tooltip="activepokemon|1|0" data-ownheight="1"></div><div class="has-tooltip" style="position:absolute;top:200px;left:130px;width:120px;height:160px;" data-id="p1a" data-tooltip="activepokemon|0|0" data-ownheight="1"></div><div class="has-tooltip" style="position:absolute;top:200px;left:250px;width:150px;height:160px;" data-id="p1b" data-tooltip="activepokemon|0|1" data-ownheight="1"></div><div class="has-tooltip" style="position:absolute;top:200px;left:350px;width:150px;height:160px;" data-id="p1c" data-tooltip="activepokemon|0|2" data-ownheight="1"></div></div></div><div class="playbutton"><button name="play" class="button"><i class="fa fa-play"></i> Play</button><br><br><button name="play-muted" class="startsoundchooser button" style="font-size:10pt">Play (sound off)</button></div></div><div class="battle-log" role="log"><div class="battle-options"></div><div class="inner message-log"><div class="chat"><small>☆ddd114514 and ☆OKCCTV joined</small></div><div class=""><small>Format:</small> <br><strong>[Gen 9] BSS Reg G</strong></div><div class="rated"><strong>Rated battle</strong></div><div class=""><small><em>Species Clause:</em> Limit one of each Pokémon</small></div><div class=""><small><em>Item Clause:</em> Limit 1 of each item</small></div><div class="chat battle-history"><strong>ddd114514's team:</strong> <em style="color:#445566;display:block;">Groudon / Chi-Yu / Galvantula / Flutter Mane / Baxcalibur / Trevenant</em></div><div class="chat battle-history"><strong>OKCCTV's team:</strong> <em style="color:#445566;display:block;">Rayquaza / Mamoswine / Ceruledge / Wo-Chien / Flutter Mane / Tentacruel</em></div></div><div class="inner-preempt message-log"></div></div><div class="replay-controls"><p><button class="button" style="width: 5em; margin-right: 3px;"><i class="fa fa-play"></i><br><strong>Play</strong></button> <button class="button button-first" disabled=""><i class="fa fa-fast-backward"></i><br>First turn</button><button class="button button-first" disabled="" style="margin-left: 1px; position: relative; z-index: 1;"><i class="fa fa-step-backward"></i><br>Prev turn</button><button class="button button-last" style="margin-right: 2px;"><i class="fa fa-step-forward"></i><br>Skip turn</button><button class="button button-last"><i class="fa fa-fast-forward"></i><br>Skip to end</button> <button class="button"><i class="fa fa-repeat"></i> Go to turn...</button></p><p><label class="optgroup">Speed:<br><select name="speed" class="button"><option value="hyperfast">Hyperfast</option><option value="fast">Fast</option><option value="normal">Normal</option><option value="slow">Slow</option><option value="reallyslow">Really slow</option></select></label> <label class="optgroup">Sound:<br><select name="sound" class="button"><option value="on">On</option><option value="musicoff">Music Off</option><option value="off">Muted</option></select></label> <label class="optgroup">Dark mode:<br><select name="darkmode" class="button"><option value="auto">Automatic</option><option value="dark">Dark</option><option value="light">Light</option></select></label> <label class="optgroup">Viewpoint:<br><button name="viewpoint" class="button">ddd114514 <i class="fa fa-random" aria-label="Switch viewpoint"></i></button></label></p><h1><strong>[Gen 9] BSS Reg G</strong>: ddd114514 vs. OKCCTV</h1><p><a class="button" href="#" style="float: right;"><i class="fa fa-download" aria-hidden="true"></i> Download</a>Thu Feb 27 2025 | <em>Rating:</em> 1107</p><p><a href="." class="button"><i class="fa fa-caret-left"></i> More replays</a></p></div><div id="LeaderboardBTF"><div class="vm-placement" data-id="6452680c0b35755a3f09b59b" data-pos="1101" id="6452680c0b35755a3f09b59b-1101" data-reg="true" data-rejected="true" style="background: none; position: relative; overflow: hidden; margin: 0px auto; max-width: 970px; width: 970px; height: 250px;" data-google-query-id="CLCFwPC_44sDFapZDwIdgP4vpA"><div id="google_ads_iframe_/21726375739,22916103450/VM_642aba63ec9a7b11c3c9c1be/VM_6452680c0b35755a3f09b59b_0__container__" style="border: 0pt none; display: none;"><iframe id="google_ads_iframe_/21726375739,22916103450/VM_642aba63ec9a7b11c3c9c1be/VM_6452680c0b35755a3f09b59b_0" name="google_ads_iframe_/21726375739,22916103450/VM_642aba63ec9a7b11c3c9c1be/VM_6452680c0b35755a3f09b59b_0" title="3rd party ad content" width="300" height="250" scrolling="no" marginwidth="0" marginheight="0" frameborder="0" aria-label="Advertisement" tabindex="0" allow="private-state-token-redemption;attribution-reporting" sandbox="allow-forms allow-pointer-lock allow-popups allow-popups-to-escape-sandbox allow-same-origin allow-scripts allow-top-navigation-by-user-activation allow-presentation" data-load-complete="true" style="border: 0px; vertical-align: bottom; display: none;" data-google-container-id="1"></iframe></div><iframe width="970" height="250" allowtransparency="true" marginheight="0" marginwidth="0" scrolling="no" frameborder="0" src="javascript:window.parent%5B%22af18fbe7-d418-20ed-cbf4-c2d71bb0f0ca%22%5D.run(%7Bwnd%3Awindow%2Csjs%3A%22javascript%3A'%3Chtml%3E%3Cbody%3E%3C%2Fbody%3E%3C%2Fhtml%3E'%22%7D)" sandbox="allow-forms allow-pointer-lock allow-popups allow-popups-to-escape-sandbox allow-same-origin allow-scripts allow-top-navigation-by-user-activation allow-presentation" style="display: block;"></iframe></div></div></div></div><div style="clear: both;"></div></div>

		<noscript><section class="section">You need to enable JavaScript to use this page; sorry!</section></noscript>

	</div>

</div>

<script defer="" nomodule="" src="//play.pokemonshowdown.com/js/lib/ps-polyfill.js"></script>
<script defer="" src="//play.pokemonshowdown.com/js/lib/preact.min.js"></script>

<script defer="" src="//play.pokemonshowdown.com/config/config.js?c26401c5"></script>
<script defer="" src="//play.pokemonshowdown.com/js/lib/jquery-1.11.0.min.js"></script>
<script defer="" src="//play.pokemonshowdown.com/js/lib/html-sanitizer-minified.js"></script>
<script defer="" src="//play.pokemonshowdown.com/js/battle-sound.js"></script>
<script defer="" src="//play.pokemonshowdown.com/js/battledata.js?0.14832469279025817"></script>
<script defer="" src="//play.pokemonshowdown.com/data/pokedex-mini.js?0.33945589529368037"></script>
<script defer="" src="//play.pokemonshowdown.com/data/pokedex-mini-bw.js?0.8023830347061633"></script>
<script defer="" src="//play.pokemonshowdown.com/data/graphics.js?0.41044878336296287"></script>
<script defer="" src="//play.pokemonshowdown.com/data/pokedex.js?0.9954804604281977"></script>
<script defer="" src="//play.pokemonshowdown.com/data/moves.js?0.28615866532549594"></script>
<script defer="" src="//play.pokemonshowdown.com/data/abilities.js?0.4808802365093021"></script>
<script defer="" src="//play.pokemonshowdown.com/data/items.js?0.0757413065159036"></script>
<script defer="" src="//play.pokemonshowdown.com/data/teambuilder-tables.js?0.46076668685013433"></script>
<script defer="" src="//play.pokemonshowdown.com/js/battle-tooltips.js?0.6477502301672804"></script>
<script defer="" src="//play.pokemonshowdown.com/js/battle.js?0.04130039862680368"></script>

<script defer="" src="js/utils.js?0abca7ba"></script>
<script defer="" src="js/replays-battle.js?208ecb6b"></script>

<!-- don't scrape this data! just add .json or .log after the URL!
Full API docs: https://github.com/smogon/pokemon-showdown-client/blob/master/WEB-API.md -->
<script type="text/plain" class="log" id="replaylog-gen9bssregg-2308715783">
|j|☆ddd114514
|j|☆OKCCTV
|t:|1740627159
|gametype|singles
|player|p1|ddd114514|170|1125
|player|p2|OKCCTV|170|1225
|teamsize|p1|6
|teamsize|p2|6
|gen|9
|tier|[Gen 9] BSS Reg G
|rated|
|rule|Species Clause: Limit one of each Pokémon
|rule|Item Clause: Limit 1 of each item
|clearpoke
|poke|p1|Groudon, L50|
|poke|p1|Chi-Yu, L50|
|poke|p1|Galvantula, L50, M|
|poke|p1|Flutter Mane, L50|
|poke|p1|Baxcalibur, L50, F|
|poke|p1|Trevenant, L50, M|
|poke|p2|Rayquaza, L50|
|poke|p2|Mamoswine, L50, F|
|poke|p2|Ceruledge, L50, F|
|poke|p2|Wo-Chien, L50|
|poke|p2|Flutter Mane, L50|
|poke|p2|Tentacruel, L50, F|
|teampreview|3
|
|t:|1740627186
|start
|switch|p1a: Galvantula|Galvantula, L50, M|100/100
|switch|p2a: Mamoswine|Mamoswine, L50, F|100/100
|turn|1
|
|t:|1740627200
|move|p1a: Galvantula|Sticky Web|p2a: Mamoswine
|-sidestart|p2: OKCCTV|move: Sticky Web
|move|p2a: Mamoswine|Earthquake|p1a: Galvantula
|-enditem|p1a: Galvantula|Focus Sash
|-damage|p1a: Galvantula|1/100
|
|upkeep
|turn|2
|
|t:|1740627208
|move|p2a: Mamoswine|Ice Shard|p1a: Galvantula
|-damage|p1a: Galvantula|0 fnt
|faint|p1a: Galvantula
|
|upkeep
|
|t:|1740627214
|switch|p1a: Groudon|Groudon, L50|100/100
|-weather|SunnyDay|[from] ability: Drought|[of] p1a: Groudon
|turn|3
|
|t:|1740627220
|move|p2a: Mamoswine|Endeavor|p1a: Groudon
|-immune|p1a: Groudon
|move|p1a: Groudon|Fire Punch|p2a: Mamoswine
|-supereffective|p2a: Mamoswine
|-enditem|p2a: Mamoswine|Focus Sash
|-damage|p2a: Mamoswine|1/100
|
|-weather|SunnyDay|[upkeep]
|upkeep
|turn|4
|
|t:|1740627242
|switch|p1a: Trevenant|Trevenant, L50, M|100/100
|move|p2a: Mamoswine|Endeavor|p1a: Trevenant
|-immune|p1a: Trevenant
|
|-weather|SunnyDay|[upkeep]
|upkeep
|turn|5
|
|t:|1740627254
|move|p2a: Mamoswine|Ice Shard|p1a: Trevenant
|-supereffective|p1a: Trevenant
|-damage|p1a: Trevenant|63/100
|move|p1a: Trevenant|Horn Leech|p2a: Mamoswine
|-supereffective|p2a: Mamoswine
|-damage|p2a: Mamoswine|0 fnt
|-heal|p1a: Trevenant|63/100|[from] drain|[of] p2a: Mamoswine
|faint|p2a: Mamoswine
|
|-weather|SunnyDay|[upkeep]
|upkeep
|
|t:|1740627258
|switch|p2a: Rayquaza|Rayquaza, L50|100/100
|-ability|p2a: Rayquaza|Air Lock
|turn|6
|
|t:|1740627275
|-terastallize|p1a: Trevenant|Fairy
|move|p2a: Rayquaza|Dragon Ascent|p1a: Trevenant
|-damage|p1a: Trevenant|3/100
|-unboost|p2a: Rayquaza|def|1
|-unboost|p2a: Rayquaza|spd|1
|-enditem|p1a: Trevenant|Sitrus Berry|[eat]
|-heal|p1a: Trevenant|28/100|[from] item: Sitrus Berry
|move|p1a: Trevenant|Will-O-Wisp|p2a: Rayquaza
|-status|p2a: Rayquaza|brn
|
|-weather|SunnyDay|[upkeep]
|-damage|p2a: Rayquaza|94/100 brn|[from] brn
|upkeep
|turn|7
|
|t:|1740627290
|switch|p1a: Groudon|Groudon, L50|100/100
|move|p2a: Rayquaza|Iron Head|p1a: Groudon
|-damage|p1a: Groudon|89/100
|
|-weather|none
|-damage|p2a: Rayquaza|88/100 brn|[from] brn
|upkeep
|turn|8
|
|t:|1740627302
|move|p2a: Rayquaza|Draco Meteor|p1a: Groudon
|-damage|p1a: Groudon|51/100
|-unboost|p2a: Rayquaza|spa|2
|move|p1a: Groudon|Rock Slide|p2a: Rayquaza
|-supereffective|p2a: Rayquaza
|-damage|p2a: Rayquaza|0 fnt
|faint|p2a: Rayquaza
|
|upkeep
|
|t:|1740627307
|switch|p2a: Ceruledge|Ceruledge, L50, F|100/100
|-activate|p2a: Ceruledge|move: Sticky Web
|-unboost|p2a: Ceruledge|spe|1
|turn|9
|
|t:|1740627320
|move|p2a: Ceruledge|Endure|p2a: Ceruledge
|-singleturn|p2a: Ceruledge|move: Endure
|move|p1a: Groudon|Earthquake|p2a: Ceruledge
|-supereffective|p2a: Ceruledge
|-activate|p2a: Ceruledge|move: Endure
|-damage|p2a: Ceruledge|1/100
|-ability|p2a: Ceruledge|Weak Armor|boost
|-unboost|p2a: Ceruledge|def|1
|-boost|p2a: Ceruledge|spe|2
|-enditem|p2a: Ceruledge|Weakness Policy
|-boost|p2a: Ceruledge|atk|2|[from] item: Weakness Policy
|-boost|p2a: Ceruledge|spa|2|[from] item: Weakness Policy
|
|upkeep
|turn|10
|
|t:|1740627333
|move|p2a: Ceruledge|Bitter Blade|p1a: Groudon
|-damage|p1a: Groudon|0 fnt
|-heal|p2a: Ceruledge|31/100|[from] drain|[of] p1a: Groudon
|faint|p1a: Groudon
|
|upkeep
|
|t:|1740627339
|switch|p1a: Trevenant|Trevenant, L50, M, tera:Fairy|28/100
|turn|11
|
|t:|1740627368
|-terastallize|p2a: Ceruledge|Fighting
|move|p2a: Ceruledge|Bitter Blade|p1a: Trevenant
|-damage|p1a: Trevenant|0 fnt
|-heal|p2a: Ceruledge|47/100|[from] drain|[of] p1a: Trevenant
|faint|p1a: Trevenant
|
|win|OKCCTV
|raw|ddd114514's rating: 1125 &rarr; <strong>1107<\/strong><br />(-18 for losing)
|raw|OKCCTV's rating: 1225 &rarr; <strong>1243<\/strong><br />(+18 for winning)
|l|☆OKCCTV
|player|p2|
|l|☆ddd114514
|player|p1|

</script>
<script type="application/json" class="data" id="replaydata-gen9bssregg-2308715783">
{"id":"gen9bssregg-2308715783","format":"[Gen 9] BSS Reg G","players":["ddd114514","OKCCTV"],"uploadtime":1740627709,"views":1,"formatid":"gen9bssregg","rating":1107,"private":0,"password":null}
</script>

<script defer="" src="js/replays.js?dd856472"></script>
<iframe name="googlefcPresent" style="display: none; width: 0px; height: 0px; border: none; z-index: -1000; left: -1000px; top: -1000px;"></iframe><iframe marginwidth="0" marginheight="0" scrolling="no" frameborder="0" id="11244c5a7f324c" width="0" height="0" src="about:blank" name="__pb_locator__" style="display: none; height: 0px; width: 0px; border: 0px;"></iframe><iframe name="__tcfapiLocator" src="about:blank" style="display: none; width: 0px; height: 0px; border: none; z-index: -1000; left: -1000px; top: -1000px;"></iframe><iframe name="__uspapiLocator" src="about:blank" style="display: none; width: 0px; height: 0px; border: none; z-index: -1000; left: -1000px; top: -1000px;"></iframe><iframe name="__gppLocator" src="about:blank" style="display: none; width: 0px; height: 0px; border: none; z-index: -1000; left: -1000px; top: -1000px;"></iframe><iframe name="googlefcInactive" src="about:blank" style="display: none; width: 0px; height: 0px; border: none; z-index: -1000; left: -1000px; top: -1000px;"></iframe><iframe name="googlefcLoaded" src="about:blank" style="display: none; width: 0px; height: 0px; border: none; z-index: -1000; left: -1000px; top: -1000px;"></iframe><iframe src="https://s.amazon-adsystem.com/iu3?cm3ppd=1&amp;d=dtb-pub&amp;csif=t&amp;dl=n-mediagrid_an-db5" sandbox="allow-forms allow-pointer-lock allow-popups allow-popups-to-escape-sandbox allow-same-origin allow-scripts allow-top-navigation-by-user-activation allow-presentation" style="display: none;"></iframe><iframe name="google_ads_top_frame" id="google_ads_top_frame" sandbox="allow-forms allow-pointer-lock allow-popups allow-popups-to-escape-sandbox allow-same-origin allow-scripts allow-top-navigation-by-user-activation allow-presentation" style="display: none; position: fixed; left: -999px; top: -999px; width: 0px; height: 0px;"></iframe><iframe src="https://www.google.com/recaptcha/api2/aframe" width="0" height="0" style="display: none;"></iframe></body><iframe name="goog_topics_frame" src="https://securepubads.g.doubleclick.net/static/topics/topics_frame.html" style="display: none;"></iframe><iframe sandbox="allow-scripts allow-same-origin" id="34748558d931e0e" frameborder="0" allowtransparency="true" marginheight="0" marginwidth="0" width="0" hspace="0" vspace="0" height="0" style="height:0px;width:0px;display:none;" scrolling="no" src="https://acdn.adnxs.com/dmp/async_usersync.html">
    </iframe><iframe sandbox="allow-scripts allow-same-origin" id="354e8da317f1f91" frameborder="0" allowtransparency="true" marginheight="0" marginwidth="0" width="0" hspace="0" vspace="0" height="0" style="height:0px;width:0px;display:none;" scrolling="no" src="https://js-sec.indexww.com/um/ixmatch.html">
    </iframe><iframe sandbox="allow-scripts allow-same-origin" id="363da7218443e3c" frameborder="0" allowtransparency="true" marginheight="0" marginwidth="0" width="0" hspace="0" vspace="0" height="0" style="height:0px;width:0px;display:none;" scrolling="no" src="https://ads.pubmatic.com/AdServer/js/user_sync.html?kdntuid=1&amp;p=159234">
    </iframe><iframe sandbox="allow-scripts allow-same-origin" id="37df31dbc4427fa" frameborder="0" allowtransparency="true" marginheight="0" marginwidth="0" width="0" hspace="0" vspace="0" height="0" style="height:0px;width:0px;display:none;" scrolling="no" src="https://gum.criteo.com/syncframe?origin=criteoPrebidAdapter&amp;topUrl=replay.pokemonshowdown.com&amp;gpp=#{%22bundle%22:%22CjQTcF9ieDhVY3lFb2F2Y21lVlJZMExQWG1ZdUdwSWNZOG91VUFGUnZIMGhsWjNJTThueGNTVVpGVDh6JTJCRjdsYUFLREZLeWlNcG92MU9sR2RmQ1VmVyUyRmlSY3EwZEdtM2txWW8lMkZyUUtRdmhXZiUyQjQ3UFpONTVERkp3bEFPaHVIU1J0MXp4cDBLU0RpcHJuYjBEYzJXZFh6QUJTMWE3VnVqTkgyZUw0RVM0JTJCdThoSWtNJTNE%22,%22cw%22:true,%22lsw%22:true,%22origin%22:%22criteoPrebidAdapter%22,%22requestId%22:%220.7614466367919508%22,%22tld%22:%22replay.pokemonshowdown.com%22,%22topUrl%22:%22replay.pokemonshowdown.com%22,%22version%22:%229_5_0%22}">
    </iframe><iframe sandbox="allow-scripts allow-same-origin" id="381e8a15c66ec25" frameborder="0" allowtransparency="true" marginheight="0" marginwidth="0" width="0" hspace="0" vspace="0" height="0" style="height:0px;width:0px;display:none;" scrolling="no" src="https://eb2.3lift.com/sync?">
    </iframe></html>