<html class="dark"><head><script type="text/javascript" async="" src="https://cdn.edkt.io/rNn9xk/edgekit.min.js"></script><meta charset="utf-8">
<meta name="viewport" content="width=device-width">

<title>[Gen 9] BSS Reg G: Danic2004 vs. qcCGZ - Replays - Pokémon Showdown!</title>

<meta name="description" content="Watch a replay of a Pokémon battle between Danic2004 and qcCGZ! Format: [Gen 9] BSS Reg G; Date: Feb 25, 2025">
<!--

Hey, you! Looking in the source for the replay log?

You can find them in JSON format, just add `.json` at the end of a replay URL.

https://replay.pokemonshowdown.com/gen7randomdoublesbattle-865046831.json

Or, if you only need the log itself, add `.log` instead:

https://replay.pokemonshowdown.com/gen7randomdoublesbattle-865046831.log

-->

<link rel="stylesheet" href="//pokemonshowdown.com/style/global.css?0.33511372851231">
<link rel="stylesheet" href="//play.pokemonshowdown.com/style/font-awesome.css?0.5883895382621385">
<link rel="stylesheet" href="//play.pokemonshowdown.com/style/battle.css?0.10240648377952621">
<link rel="stylesheet" href="//play.pokemonshowdown.com/style/utilichart.css?0.5738233469631782">

<!-- Global site tag (gtag.js) - Google Analytics -->
<script async="" src="https://secure.cdn.fastclick.net/js/cnvr-coreid/latest/coreid.min.js"></script><script async="" src="https://secure.cdn.fastclick.net/js/cnvr-launcher/latest/launcher.min.js"></script><script src="https://cdn.hadronid.net/hadron.js?url=https%3A%2F%2Freplay.pokemonshowdown.com%2Fgen9bssregg-2307504385&amp;ref=&amp;_it=amazon&amp;partner_id=288"></script><script src="https://rules.quantcount.com/rules-p-Hwnr8j7tWA3Nu.js" async=""></script><script type="text/javascript" async="" src="https://www.google-analytics.com/analytics.js"></script><script type="text/javascript" async="" src="https://www.googletagmanager.com/gtag/js?id=G-8B1DJVGJ9K&amp;l=dataLayer&amp;cx=c&amp;gtm=457e52o0za200&amp;tag_exp=101732279~101732281~102067808~102482433~102539968~102558064~102587591~102605417~102640600~102658453~102717421"></script><script async="" src="https://www.googletagmanager.com/gtag/js?id=UA-26211653-1"></script>
<script>
  window.dataLayer = window.dataLayer || [];
  function gtag(){dataLayer.push(arguments);}
  gtag('js', new Date());

  gtag('config', 'UA-26211653-1');
</script>
<!-- End Google Analytics -->
<!-- Venatus Ad Manager - Install in <HEAD> of page -->
	<script src="https://hb.vntsm.com/v3/live/ad-manager.min.js" type="text/javascript" data-site-id="642aba63ec9a7b11c3c9c1be" data-mode="scan" async=""></script>
<!-- / Venatus Ad Manager -->

<style>
	@media (max-width:820px) {
		.battle {
			margin: 0 auto;
		}
		.battle-log {
			margin: 7px auto 0;
			max-width: 640px;
			height: 300px;
			position: static;
		}
	}
	.optgroup {
		display: inline-block;
		line-height: 22px;
		font-size: 10pt;
	}
	.optgroup .button {
		height: 25px;
		padding-top: 0;
		padding-bottom: 0;
	}
	.optgroup button.button {
		padding-left: 12px;
		padding-right: 12px;
	}
	.linklist {
		list-style: none;
		margin: 0.5em 0;
		padding: 0;
	}
	.linklist li {
		padding: 2px 0;
	}
	.sidebar {
		float: left;
		width: 320px;
	}
	.bar-wrapper {
		max-width: 1100px;
		margin: 0 auto;
	}
	.bar-wrapper.has-sidebar {
		max-width: 1430px;
	}
	.mainbar {
		margin: 0;
		padding-right: 1px;
	}
	.mainbar.has-sidebar {
		margin-left: 330px;
	}
	@media (min-width: 1511px) {
		.sidebar {
			width: 400px;
		}
		.bar-wrapper.has-sidebar {
			max-width: 1510px;
		}
		.mainbar.has-sidebar {
			margin-left: 410px;
		}
	}
	.section.first-section {
		margin-top: 9px;
	}
	.blocklink small {
		white-space: normal;
	}
	.button {
		vertical-align: middle;
	}
	.replay-controls {
		padding-top: 10px;
	}
	.replay-controls h1 {
		font-size: 16pt;
		font-weight: normal;
		color: #CCC;
	}
	.pagelink {
		text-align: center;
	}
	.pagelink a {
		width: 150px;
	}
	.textbox, .button {
		font-size: 11pt;
		vertical-align: middle;
	}
	@media (max-width: 450px) {
		.button {
			font-size: 9pt;
		}
	}
</style>

<script type="text/javascript" src="https://hb.vntsm.com/ab/live/fatum/ad-manager-bundle.min.js" async=""></script><script type="text/javascript" src="https://ats.rlcdn.com/ats.js" async=""></script><script type="text/javascript" src="https://securepubads.g.doubleclick.net/tag/js/gpt.js" async=""></script><style>
          .vm-placement[data-rejected=true]>div[id^=google_ads_iframe] {
            display: none;
          }
          </style><script type="text/javascript" src="https://c.amazon-adsystem.com/aax2/apstag.js" async=""></script><script type="text/javascript" src="https://secure.quantserve.com/quant.js" async=""></script><script type="text/javascript" src="https://pub.doubleverify.com/dvtag/34896827/DV1430477/pub.js" async=""></script><meta http-equiv="origin-trial" content="AlK2UR5SkAlj8jjdEc9p3F3xuFYlF6LYjAML3EOqw1g26eCwWPjdmecULvBH5MVPoqKYrOfPhYVL71xAXI1IBQoAAAB8eyJvcmlnaW4iOiJodHRwczovL2RvdWJsZWNsaWNrLm5ldDo0NDMiLCJmZWF0dXJlIjoiV2ViVmlld1hSZXF1ZXN0ZWRXaXRoRGVwcmVjYXRpb24iLCJleHBpcnkiOjE3NTgwNjcxOTksImlzU3ViZG9tYWluIjp0cnVlfQ=="><meta http-equiv="origin-trial" content="Amm8/NmvvQfhwCib6I7ZsmUxiSCfOxWxHayJwyU1r3gRIItzr7bNQid6O8ZYaE1GSQTa69WwhPC9flq/oYkRBwsAAACCeyJvcmlnaW4iOiJodHRwczovL2dvb2dsZXN5bmRpY2F0aW9uLmNvbTo0NDMiLCJmZWF0dXJlIjoiV2ViVmlld1hSZXF1ZXN0ZWRXaXRoRGVwcmVjYXRpb24iLCJleHBpcnkiOjE3NTgwNjcxOTksImlzU3ViZG9tYWluIjp0cnVlfQ=="><meta http-equiv="origin-trial" content="A9wSqI5i0iwGdf6L1CERNdmsTPgVu44ewj8QxTBYgsv1LCPUVF7YmWOvTappqB1139jAymxUW/RO8zmMqo4zlAAAAACNeyJvcmlnaW4iOiJodHRwczovL2RvdWJsZWNsaWNrLm5ldDo0NDMiLCJmZWF0dXJlIjoiRmxlZGdlQmlkZGluZ0FuZEF1Y3Rpb25TZXJ2ZXIiLCJleHBpcnkiOjE3MzY4MTI4MDAsImlzU3ViZG9tYWluIjp0cnVlLCJpc1RoaXJkUGFydHkiOnRydWV9"><meta http-equiv="origin-trial" content="A+d7vJfYtay4OUbdtRPZA3y7bKQLsxaMEPmxgfhBGqKXNrdkCQeJlUwqa6EBbSfjwFtJWTrWIioXeMW+y8bWAgQAAACTeyJvcmlnaW4iOiJodHRwczovL2dvb2dsZXN5bmRpY2F0aW9uLmNvbTo0NDMiLCJmZWF0dXJlIjoiRmxlZGdlQmlkZGluZ0FuZEF1Y3Rpb25TZXJ2ZXIiLCJleHBpcnkiOjE3MzY4MTI4MDAsImlzU3ViZG9tYWluIjp0cnVlLCJpc1RoaXJkUGFydHkiOnRydWV9"><script src="https://securepubads.g.doubleclick.net/pagead/managed/js/gpt/m202502200101/pubads_impl.js" async=""></script><link href="https://securepubads.g.doubleclick.net/pagead/managed/dict/m202502250101/gpt" rel="compression-dictionary"><script src="https://config.aps.amazon-adsystem.com/configs/70247b00-ff8f-4016-b3ab-8344daf96e09" type="text/javascript" async="async"></script><script async="" src="https://fundingchoicesmessages.google.com/i/21726375739?ers=3"></script><script src="//secure.cdn.fastclick.net/js/pubcid/latest/pubcid.min.js"></script><script src="//cdn.id5-sync.com/api/1.0/id5-api.js"></script><script type="text/javascript" async="" src="https://secure.cdn.fastclick.net/js/cnvr-launcher/latest/launcher-stub.min.js"></script><script async="" src="https://fundingchoicesmessages.google.com/f/AGSKWxXIxaVnDRV0lGDg2k-Vdqv1gbLjUeCyuIvEUAZ0M9zKz9txn2mV4GpetzpN_H1dId2tgukFHqt3qJ4pKrI1kPRC4eflF89qDSt-yYeIDYLZuTwqmc1GfU_1Jf-rkdt8Fvn9dFm7ng==?fccs=W1siQUtzUm9sOEpXbFZxbWZDbkcwc0tHY18tbTFtaGhmRGtxaVY4dXdxV0h0cWVwUW9JRER4WW1oalFtUjE2ZVd0bV9wcjRqNGhBTDh3bnV3RVZ0YTdZM1VMam1wSFJ6R0JLTlFRUkpXeVY0aEp6Tjk2ZDduUTRmZDJUZ3dkclhrSS03S004YnRFbEJ6UnFCLTZHYnNfMzBmUEFKZHY0S3ZkMjlnPT0iXSxudWxsLG51bGwsbnVsbCxudWxsLG51bGwsWzE3NDA2NDgyMjEsOTg3MDAwMDAwXSxudWxsLG51bGwsbnVsbCxbbnVsbCxbN11dLCJodHRwczovL3JlcGxheS5wb2tlbW9uc2hvd2Rvd24uY29tL2dlbjlic3NyZWdnLTIzMDc1MDQzODUiLG51bGwsW1s4LCJKVGt5cXh5RVd5cyJdLFs5LCJqYSJdLFsyMywiMTc0MDY0NzAwMyJdLFsxOSwiMiJdLFsyNCwiIl0sWzI1LCJbWzk1MzQwMjUzLDk1MzQwMjU1XV0iXV1d"></script><script async="" src="https://fundingchoicesmessages.google.com/f/AGSKWxUoYRt-ycB9tgZ1KkarAV6zvOMSFPkvzXcVtF4d_eaF82cO2pqGCddq1v4dzqDcyoFLLf8CdIA_GUG4eNh1VJl4BWcN5UPBdqAQmPGRjzoMaN0qUwbbSU00dumv6nHK3FlBgqSNZA==?fccs=W1siQUtzUm9sOEpXbFZxbWZDbkcwc0tHY18tbTFtaGhmRGtxaVY4dXdxV0h0cWVwUW9JRER4WW1oalFtUjE2ZVd0bV9wcjRqNGhBTDh3bnV3RVZ0YTdZM1VMam1wSFJ6R0JLTlFRUkpXeVY0aEp6Tjk2ZDduUTRmZDJUZ3dkclhrSS03S004YnRFbEJ6UnFCLTZHYnNfMzBmUEFKZHY0S3ZkMjlnPT0iXSxudWxsLG51bGwsbnVsbCxudWxsLG51bGwsWzE3NDA2NDgyMjIsODEzMDAwMDAwXSxudWxsLG51bGwsbnVsbCxbbnVsbCxbNyw2XSxudWxsLG51bGwsbnVsbCxudWxsLG51bGwsbnVsbCxudWxsLG51bGwsbnVsbCwxXSwiaHR0cHM6Ly9yZXBsYXkucG9rZW1vbnNob3dkb3duLmNvbS9nZW45YnNzcmVnZy0yMzA3NTA0Mzg1IixudWxsLFtbOCwiSlRreXF4eUVXeXMiXSxbOSwiamEiXSxbMjMsIjE3NDA2NDcwMDMiXSxbMTksIjIiXSxbMjQsIiJdLFsyNSwiW1s5NTM0MDI1Myw5NTM0MDI1NV1dIl1dXQ"></script><script async="" src="https://fundingchoicesmessages.google.com/f/AGSKWxVIX7pBlglN2ecrkbLcLlce_RtAB0Lrc9Bu16cyuVB5wAYlS6R4gQ0Z1eR6_LcyNnsjpI_DUIe5ZtDLvCY4cA2T37XbSR98SQ3PtdeQbpSxuJ-5vClO5uQHtGI9mHVU263KhqOKBA==?fccs=W1siQUtzUm9sOEpXbFZxbWZDbkcwc0tHY18tbTFtaGhmRGtxaVY4dXdxV0h0cWVwUW9JRER4WW1oalFtUjE2ZVd0bV9wcjRqNGhBTDh3bnV3RVZ0YTdZM1VMam1wSFJ6R0JLTlFRUkpXeVY0aEp6Tjk2ZDduUTRmZDJUZ3dkclhrSS03S004YnRFbEJ6UnFCLTZHYnNfMzBmUEFKZHY0S3ZkMjlnPT0iXSxudWxsLG51bGwsbnVsbCxudWxsLG51bGwsWzE3NDA2NDgyMjIsOTYyMDAwMDAwXSxudWxsLG51bGwsbnVsbCxbbnVsbCxbNyw2LDEwXSxudWxsLG51bGwsbnVsbCxudWxsLG51bGwsbnVsbCxudWxsLG51bGwsbnVsbCwxXSwiaHR0cHM6Ly9yZXBsYXkucG9rZW1vbnNob3dkb3duLmNvbS9nZW45YnNzcmVnZy0yMzA3NTA0Mzg1IixudWxsLFtbOCwiSlRreXF4eUVXeXMiXSxbOSwiamEiXSxbMjMsIjE3NDA2NDcwMDMiXSxbMTksIjIiXSxbMjQsIiJdLFsyNSwiW1s5NTM0MDI1Myw5NTM0MDI1NV1dIl1dXQ"></script><script async="" src="https://fundingchoicesmessages.google.com/f/AGSKWxUENgP13KFqHSlLE2myabb_f80RCbwe1P-1dlZwmSLnC9Ey4CfBy9pFOndL6UGhpcQaazyH7LnTtgIgolULSeWH7wiAwaCRXtluQWH7SnsblCYdFZ-X2iRZA9YB-ZwOxNcrL-AG-g==?fccs=W1siQUtzUm9sOEpXbFZxbWZDbkcwc0tHY18tbTFtaGhmRGtxaVY4dXdxV0h0cWVwUW9JRER4WW1oalFtUjE2ZVd0bV9wcjRqNGhBTDh3bnV3RVZ0YTdZM1VMam1wSFJ6R0JLTlFRUkpXeVY0aEp6Tjk2ZDduUTRmZDJUZ3dkclhrSS03S004YnRFbEJ6UnFCLTZHYnNfMzBmUEFKZHY0S3ZkMjlnPT0iXSxudWxsLG51bGwsbnVsbCxudWxsLG51bGwsWzE3NDA2NDgyMjMsNjgwMDAwMDBdLG51bGwsbnVsbCxudWxsLFtudWxsLFs3LDYsMTAsOV0sbnVsbCwyLG51bGwsImVuLUdCIixudWxsLG51bGwsbnVsbCxudWxsLG51bGwsMV0sImh0dHBzOi8vcmVwbGF5LnBva2Vtb25zaG93ZG93bi5jb20vZ2VuOWJzc3JlZ2ctMjMwNzUwNDM4NSIsbnVsbCxbWzgsIkpUa3lxeHlFV3lzIl0sWzksImphIl0sWzIzLCIxNzQwNjQ3MDAzIl0sWzE5LCIyIl0sWzI0LCIiXSxbMjUsIltbOTUzNDAyNTMsOTUzNDAyNTVdXSJdXV0"></script></head><body><div>

	<header>
		<div class="nav-wrapper"><ul class="nav">
			<li><a class="button nav-first" href="//pokemonshowdown.com/"><img src="//pokemonshowdown.com/images/pokemonshowdownbeta.png" srcset="//pokemonshowdown.com/images/pokemonshowdownbeta.png 1x, //pokemonshowdown.com/images/pokemonshowdownbeta@2x.png 2x" alt="Pokémon Showdown" width="146" height="44"> Home</a></li>
			<li><a class="button" href="//pokemonshowdown.com/dex/">Pokédex</a></li>
			<li><a class="button cur" href="/">Replays</a></li>
			<li><a class="button" href="//pokemonshowdown.com/ladder/">Ladder</a></li>
			<li><a class="button nav-last" href="//pokemonshowdown.com/forums/">Forum</a></li>
			<li><a class="button greenbutton nav-first nav-last" href="//play.pokemonshowdown.com/">Play</a></li>
		</ul></div>
	</header>

	<div class="main" id="main"><div class="bar-wrapper"><div class="mainbar"><div style="position: relative;"><div class="battle" style="position: relative; transform: none; margin-bottom: 0px;"><div class="innerbattle"><div class="backdrop" style="display: block; opacity: 0.8; background-image: url(&quot;https://play.pokemonshowdown.com/sprites/gen6bgs/bg-darkbeach.jpg&quot;);"></div><div class="weather"></div><div class="weather"></div><div></div><div><div><img src="https://play.pokemonshowdown.com/sprites/ani/slowking.gif" width="62" height="85" style="position:absolute;top:55px;left:197px"><img src="https://play.pokemonshowdown.com/sprites/ani/ninetales-alola.gif" width="89" height="70" style="position:absolute;top:66px;left:233px"><img src="https://play.pokemonshowdown.com/sprites/gen5/ironbundle.png" width="96" height="96" style="position:absolute;top:56px;left:280px"><img src="https://play.pokemonshowdown.com/sprites/ani/hippowdon.gif" width="97" height="58" style="position:absolute;top:78px;left:329px"><img src="https://play.pokemonshowdown.com/sprites/gen5/kingambit.png" width="96" height="96" style="position:absolute;top:62px;left:380px"><img src="https://play.pokemonshowdown.com/sprites/ani/sneasler.gif" width="52" height="87" style="position:absolute;top:69px;left:452px"><div style="position:absolute;top:143px;left:188px;width:80px;font-size:10px;text-align:center;color:#FFF;"><img src="https://play.pokemonshowdown.com/fx/gender-m.png" alt="M" width="7" height="10" class="pixelated" style="margin-bottom:-1px"> <span style="text-shadow:#000 1px 1px 0,#000 1px -1px 0,#000 -1px 1px 0,#000 -1px -1px 0"><small>L</small>50</span></div><div style="position:absolute;top:146px;left:238px;width:80px;font-size:10px;text-align:center;color:#FFF;"><img src="https://play.pokemonshowdown.com/fx/gender-f.png" alt="F" width="7" height="10" class="pixelated" style="margin-bottom:-1px"> <span style="text-shadow:#000 1px 1px 0,#000 1px -1px 0,#000 -1px 1px 0,#000 -1px -1px 0"><small>L</small>50</span></div><div style="position:absolute;top:149px;left:288px;width:80px;font-size:10px;text-align:center;color:#FFF;"><span style="text-shadow:#000 1px 1px 0,#000 1px -1px 0,#000 -1px 1px 0,#000 -1px -1px 0"><small>L</small>50</span></div><div style="position:absolute;top:152px;left:338px;width:80px;font-size:10px;text-align:center;color:#FFF;"><img src="https://play.pokemonshowdown.com/fx/gender-m.png" alt="M" width="7" height="10" class="pixelated" style="margin-bottom:-1px"> <span style="text-shadow:#000 1px 1px 0,#000 1px -1px 0,#000 -1px 1px 0,#000 -1px -1px 0"><small>L</small>50</span></div><div style="position:absolute;top:155px;left:388px;width:80px;font-size:10px;text-align:center;color:#FFF;"><img src="https://play.pokemonshowdown.com/fx/gender-f.png" alt="F" width="7" height="10" class="pixelated" style="margin-bottom:-1px"> <span style="text-shadow:#000 1px 1px 0,#000 1px -1px 0,#000 -1px 1px 0,#000 -1px -1px 0"><small>L</small>50</span></div><div style="position:absolute;top:158px;left:438px;width:80px;font-size:10px;text-align:center;color:#FFF;"><img src="https://play.pokemonshowdown.com/fx/gender-m.png" alt="M" width="7" height="10" class="pixelated" style="margin-bottom:-1px"> <span style="text-shadow:#000 1px 1px 0,#000 1px -1px 0,#000 -1px 1px 0,#000 -1px -1px 0"><small>L</small>50</span></div></div><div></div><div></div><div><img src="https://play.pokemonshowdown.com/sprites/ani-back/calyrex-ice.gif" width="82" height="112" style="position:absolute;top:192px;left:107px"><img src="https://play.pokemonshowdown.com/sprites/ani-back/basculegion.gif" width="169" height="99" style="position:absolute;top:201px;left:113px"><img src="https://play.pokemonshowdown.com/sprites/gen5-back/chiyu.png" width="96" height="96" style="position:absolute;top:206px;left:200px"><img src="https://play.pokemonshowdown.com/sprites/gen5-back/greattusk.png" width="96" height="96" style="position:absolute;top:209px;left:250px"><img src="https://play.pokemonshowdown.com/sprites/gen5-back/roaringmoon.png" width="96" height="96" style="position:absolute;top:212px;left:300px"><img src="https://play.pokemonshowdown.com/sprites/gen5-back/fezandipiti.png" width="96" height="96" style="position:absolute;top:215px;left:350px"><div style="position:absolute;top:293px;left:108px;width:80px;font-size:10px;text-align:center;color:#FFF;"><span style="text-shadow:#000 1px 1px 0,#000 1px -1px 0,#000 -1px 1px 0,#000 -1px -1px 0"><small>L</small>50</span></div><div style="position:absolute;top:296px;left:158px;width:80px;font-size:10px;text-align:center;color:#FFF;"><img src="https://play.pokemonshowdown.com/fx/gender-m.png" alt="M" width="7" height="10" class="pixelated" style="margin-bottom:-1px"> <span style="text-shadow:#000 1px 1px 0,#000 1px -1px 0,#000 -1px 1px 0,#000 -1px -1px 0"><small>L</small>50</span></div><div style="position:absolute;top:299px;left:208px;width:80px;font-size:10px;text-align:center;color:#FFF;"><span style="text-shadow:#000 1px 1px 0,#000 1px -1px 0,#000 -1px 1px 0,#000 -1px -1px 0"><small>L</small>50</span></div><div style="position:absolute;top:302px;left:258px;width:80px;font-size:10px;text-align:center;color:#FFF;"><span style="text-shadow:#000 1px 1px 0,#000 1px -1px 0,#000 -1px 1px 0,#000 -1px -1px 0"><small>L</small>50</span></div><div style="position:absolute;top:305px;left:308px;width:80px;font-size:10px;text-align:center;color:#FFF;"><span style="text-shadow:#000 1px 1px 0,#000 1px -1px 0,#000 -1px 1px 0,#000 -1px -1px 0"><small>L</small>50</span></div><div style="position:absolute;top:308px;left:358px;width:80px;font-size:10px;text-align:center;color:#FFF;"><img src="https://play.pokemonshowdown.com/fx/gender-m.png" alt="M" width="7" height="10" class="pixelated" style="margin-bottom:-1px"> <span style="text-shadow:#000 1px 1px 0,#000 1px -1px 0,#000 -1px 1px 0,#000 -1px -1px 0"><small>L</small>50</span></div></div></div><div role="complementary" aria-label="Active Pokemon"></div><div></div><div class="leftbar" role="complementary" aria-label="Your Team"><div class="trainer trainer-near"><strong>Danic2004</strong><div class="trainersprite" title="Rating: 1073" style="background-image:url(https://play.pokemonshowdown.com/sprites/trainers/n.png)"></div><div class="teamicons"><span class="picon has-tooltip" data-tooltip="pokemon|0|0" style="background:transparent url(https://play.pokemonshowdown.com/sprites/pokemonicons-sheet.png?v18) no-repeat scroll -0px -3090px;opacity:0.6" aria-label="Calyrex-Ice"></span><span class="picon has-tooltip" data-tooltip="pokemon|0|1" style="background:transparent url(https://play.pokemonshowdown.com/sprites/pokemonicons-sheet.png?v18) no-repeat scroll -80px -2250px;opacity:0.6" aria-label="Basculegion"></span><span class="picon has-tooltip" data-tooltip="pokemon|0|2" style="background:transparent url(https://play.pokemonshowdown.com/sprites/pokemonicons-sheet.png?v18) no-repeat scroll -320px -2490px;opacity:0.6" aria-label="Chi-Yu"></span></div><div class="teamicons"><span class="picon has-tooltip" data-tooltip="pokemon|0|3" style="background:transparent url(https://play.pokemonshowdown.com/sprites/pokemonicons-sheet.png?v18) no-repeat scroll -0px -2460px;opacity:0.6" aria-label="Great Tusk"></span><span class="picon has-tooltip" data-tooltip="pokemon|0|4" style="background:transparent url(https://play.pokemonshowdown.com/sprites/pokemonicons-sheet.png?v18) no-repeat scroll -360px -2490px;opacity:0.6" aria-label="Roaring Moon"></span><span class="picon has-tooltip" data-tooltip="pokemon|0|5" style="background:transparent url(https://play.pokemonshowdown.com/sprites/pokemonicons-sheet.png?v18) no-repeat scroll -320px -2520px;opacity:0.6" aria-label="Fezandipiti"></span></div><div class="teamicons"></div></div></div><div class="rightbar" role="complementary" aria-label="Opponent's Team"><div class="trainer trainer-far"><strong>qcCGZ</strong><div class="trainersprite" title="Rating: 1080" style="background-image:url(https://play.pokemonshowdown.com/sprites/trainers/lass-gen4dp.png)"></div><div class="teamicons"><span class="picon has-tooltip" data-tooltip="pokemon|1|0" style="background:transparent url(https://play.pokemonshowdown.com/sprites/pokemonicons-sheet.png?v18) no-repeat scroll -280px -480px;opacity:0.6" aria-label="Slowking"></span><span class="picon has-tooltip" data-tooltip="pokemon|1|1" style="background:transparent url(https://play.pokemonshowdown.com/sprites/pokemonicons-sheet.png?v18) no-repeat scroll -200px -2880px;opacity:0.6" aria-label="Ninetales-Alola"></span><span class="picon has-tooltip" data-tooltip="pokemon|1|2" style="background:transparent url(https://play.pokemonshowdown.com/sprites/pokemonicons-sheet.png?v18) no-repeat scroll -280px -2460px;opacity:0.6" aria-label="Iron Bundle"></span></div><div class="teamicons"><span class="picon has-tooltip" data-tooltip="pokemon|1|3" style="background:transparent url(https://play.pokemonshowdown.com/sprites/pokemonicons-sheet.png?v18) no-repeat scroll -240px -1110px;opacity:0.6" aria-label="Hippowdon"></span><span class="picon has-tooltip" data-tooltip="pokemon|1|4" style="background:transparent url(https://play.pokemonshowdown.com/sprites/pokemonicons-sheet.png?v18) no-repeat scroll -440px -2430px;opacity:0.6" aria-label="Kingambit"></span><span class="picon has-tooltip" data-tooltip="pokemon|1|5" style="background:transparent url(https://play.pokemonshowdown.com/sprites/pokemonicons-sheet.png?v18) no-repeat scroll -120px -2250px;opacity:0.6" aria-label="Sneasler"></span></div><div class="teamicons"></div></div></div><div></div><div class="messagebar message"></div><div></div><div class="message" style="position:absolute;display:block;visibility:hidden"></div><div class="tooltips"><div class="has-tooltip" style="position:absolute;top:70px;left:250px;width:80px;height:100px;" data-id="p2c" data-tooltip="activepokemon|1|2" data-ownheight="1"></div><div class="has-tooltip" style="position:absolute;top:85px;left:320px;width:90px;height:100px;" data-id="p2b" data-tooltip="activepokemon|1|1" data-ownheight="1"></div><div class="has-tooltip" style="position:absolute;top:90px;left:390px;width:100px;height:100px;" data-id="p2a" data-tooltip="activepokemon|1|0" data-ownheight="1"></div><div class="has-tooltip" style="position:absolute;top:200px;left:130px;width:120px;height:160px;" data-id="p1a" data-tooltip="activepokemon|0|0" data-ownheight="1"></div><div class="has-tooltip" style="position:absolute;top:200px;left:250px;width:150px;height:160px;" data-id="p1b" data-tooltip="activepokemon|0|1" data-ownheight="1"></div><div class="has-tooltip" style="position:absolute;top:200px;left:350px;width:150px;height:160px;" data-id="p1c" data-tooltip="activepokemon|0|2" data-ownheight="1"></div></div></div><div class="playbutton"><button name="play" class="button"><i class="fa fa-play"></i> Play</button><br><br><button name="play-muted" class="startsoundchooser button" style="font-size:10pt">Play (sound off)</button></div></div><div class="battle-log" role="log"><div class="battle-options"></div><div class="inner message-log"><div class="chat"><small>☆Danic2004 and ☆qcCGZ joined</small></div><div class=""><small>Format:</small> <br><strong>[Gen 9] BSS Reg G</strong></div><div class="rated"><strong>Rated battle</strong></div><div class=""><small><em>Species Clause:</em> Limit one of each Pokémon</small></div><div class=""><small><em>Item Clause:</em> Limit 1 of each item</small></div><div class="chat battle-history"><strong>Danic2004's team:</strong> <em style="color:#445566;display:block;">Calyrex-Ice / Basculegion / Chi-Yu / Great Tusk / Roaring Moon / Fezandipiti</em></div><div class="chat battle-history"><strong>qcCGZ's team:</strong> <em style="color:#445566;display:block;">Slowking / Ninetales-Alola / Iron Bundle / Hippowdon / Kingambit / Sneasler</em></div></div><div class="inner-preempt message-log"></div></div><div class="replay-controls"><p><button class="button" style="width: 5em; margin-right: 3px;"><i class="fa fa-play"></i><br><strong>Play</strong></button> <button class="button button-first" disabled=""><i class="fa fa-fast-backward"></i><br>First turn</button><button class="button button-first" disabled="" style="margin-left: 1px; position: relative; z-index: 1;"><i class="fa fa-step-backward"></i><br>Prev turn</button><button class="button button-last" style="margin-right: 2px;"><i class="fa fa-step-forward"></i><br>Skip turn</button><button class="button button-last"><i class="fa fa-fast-forward"></i><br>Skip to end</button> <button class="button"><i class="fa fa-repeat"></i> Go to turn...</button></p><p><label class="optgroup">Speed:<br><select name="speed" class="button"><option value="hyperfast">Hyperfast</option><option value="fast">Fast</option><option value="normal">Normal</option><option value="slow">Slow</option><option value="reallyslow">Really slow</option></select></label> <label class="optgroup">Sound:<br><select name="sound" class="button"><option value="on">On</option><option value="musicoff">Music Off</option><option value="off">Muted</option></select></label> <label class="optgroup">Dark mode:<br><select name="darkmode" class="button"><option value="auto">Automatic</option><option value="dark">Dark</option><option value="light">Light</option></select></label> <label class="optgroup">Viewpoint:<br><button name="viewpoint" class="button">Danic2004 <i class="fa fa-random" aria-label="Switch viewpoint"></i></button></label></p><h1><strong>[Gen 9] BSS Reg G</strong>: Danic2004 vs. qcCGZ</h1><p><a class="button" href="#" style="float: right;"><i class="fa fa-download" aria-hidden="true"></i> Download</a>Tue Feb 25 2025 | <em>Rating:</em> 1052</p><p><a href="." class="button"><i class="fa fa-caret-left"></i> More replays</a></p></div><div id="LeaderboardBTF"><div class="vm-placement" data-id="6452680c0b35755a3f09b59b" data-pos="1101" id="6452680c0b35755a3f09b59b-1101" data-reg="true" data-rejected="true" style="background: none; position: relative; overflow: hidden; margin: 0px auto; max-width: 970px; width: 970px; height: 250px;" data-google-query-id="CIuVxPjD44sDFQXyTAIdYeYRvA"><div id="google_ads_iframe_/21726375739,22916103450/VM_642aba63ec9a7b11c3c9c1be/VM_6452680c0b35755a3f09b59b_0__container__" style="border: 0pt none; display: none;"><iframe id="google_ads_iframe_/21726375739,22916103450/VM_642aba63ec9a7b11c3c9c1be/VM_6452680c0b35755a3f09b59b_0" name="google_ads_iframe_/21726375739,22916103450/VM_642aba63ec9a7b11c3c9c1be/VM_6452680c0b35755a3f09b59b_0" title="3rd party ad content" width="300" height="250" scrolling="no" marginwidth="0" marginheight="0" frameborder="0" aria-label="Advertisement" tabindex="0" allow="private-state-token-redemption;attribution-reporting" sandbox="allow-forms allow-pointer-lock allow-popups allow-popups-to-escape-sandbox allow-same-origin allow-scripts allow-top-navigation-by-user-activation allow-presentation" data-load-complete="true" style="border: 0px; vertical-align: bottom; display: none;" data-google-container-id="1"></iframe></div><iframe width="970" height="250" allowtransparency="true" marginheight="0" marginwidth="0" scrolling="no" frameborder="0" src="javascript:window.parent%5B%224adce0fa-3c14-a37e-852c-ddb4743e43e9%22%5D.run(%7Bwnd%3Awindow%2Csjs%3A%22javascript%3A'%3Chtml%3E%3Cbody%3E%3C%2Fbody%3E%3C%2Fhtml%3E'%22%7D)" sandbox="allow-forms allow-pointer-lock allow-popups allow-popups-to-escape-sandbox allow-same-origin allow-scripts allow-top-navigation-by-user-activation allow-presentation" style="display: block;"></iframe></div></div></div></div><div style="clear: both;"></div></div>

		<noscript><section class="section">You need to enable JavaScript to use this page; sorry!</section></noscript>

	</div>

</div>

<script defer="" nomodule="" src="//play.pokemonshowdown.com/js/lib/ps-polyfill.js"></script>
<script defer="" src="//play.pokemonshowdown.com/js/lib/preact.min.js"></script>

<script defer="" src="//play.pokemonshowdown.com/config/config.js?c26401c5"></script>
<script defer="" src="//play.pokemonshowdown.com/js/lib/jquery-1.11.0.min.js"></script>
<script defer="" src="//play.pokemonshowdown.com/js/lib/html-sanitizer-minified.js"></script>
<script defer="" src="//play.pokemonshowdown.com/js/battle-sound.js"></script>
<script defer="" src="//play.pokemonshowdown.com/js/battledata.js?0.14832469279025817"></script>
<script defer="" src="//play.pokemonshowdown.com/data/pokedex-mini.js?0.33945589529368037"></script>
<script defer="" src="//play.pokemonshowdown.com/data/pokedex-mini-bw.js?0.8023830347061633"></script>
<script defer="" src="//play.pokemonshowdown.com/data/graphics.js?0.41044878336296287"></script>
<script defer="" src="//play.pokemonshowdown.com/data/pokedex.js?0.9954804604281977"></script>
<script defer="" src="//play.pokemonshowdown.com/data/moves.js?0.28615866532549594"></script>
<script defer="" src="//play.pokemonshowdown.com/data/abilities.js?0.4808802365093021"></script>
<script defer="" src="//play.pokemonshowdown.com/data/items.js?0.0757413065159036"></script>
<script defer="" src="//play.pokemonshowdown.com/data/teambuilder-tables.js?0.46076668685013433"></script>
<script defer="" src="//play.pokemonshowdown.com/js/battle-tooltips.js?0.6477502301672804"></script>
<script defer="" src="//play.pokemonshowdown.com/js/battle.js?0.04130039862680368"></script>

<script defer="" src="js/utils.js?0abca7ba"></script>
<script defer="" src="js/replays-battle.js?208ecb6b"></script>

<!-- don't scrape this data! just add .json or .log after the URL!
Full API docs: https://github.com/smogon/pokemon-showdown-client/blob/master/WEB-API.md -->
<script type="text/plain" class="log" id="replaylog-gen9bssregg-2307504385">
|j|☆Danic2004
|j|☆qcCGZ
|t:|1740483927
|gametype|singles
|player|p1|Danic2004|n|1073
|player|p2|qcCGZ|lass-gen4dp|1080
|teamsize|p1|6
|teamsize|p2|6
|gen|9
|tier|[Gen 9] BSS Reg G
|rated|
|rule|Species Clause: Limit one of each Pokémon
|rule|Item Clause: Limit 1 of each item
|clearpoke
|poke|p1|Calyrex-Ice, L50|
|poke|p1|Basculegion, L50, M|
|poke|p1|Chi-Yu, L50|
|poke|p1|Great Tusk, L50|
|poke|p1|Roaring Moon, L50|
|poke|p1|Fezandipiti, L50, M|
|poke|p2|Slowking, L50, M|
|poke|p2|Ninetales-Alola, L50, F|
|poke|p2|Iron Bundle, L50|
|poke|p2|Hippowdon, L50, M|
|poke|p2|Kingambit, L50, F|
|poke|p2|Sneasler, L50, M|
|teampreview|3
|
|t:|1740483952
|start
|switch|p1a: Roaring Moon|Roaring Moon, L50|100/100
|switch|p2a: Ninetales|Ninetales-Alola, L50, F, shiny|100/100
|-weather|Snow|[from] ability: Snow Warning|[of] p2a: Ninetales
|turn|1
|
|t:|1740483965
|-terastallize|p1a: Roaring Moon|Fairy
|move|p1a: Roaring Moon|Flamethrower|p2a: Ninetales
|-supereffective|p2a: Ninetales
|-damage|p2a: Ninetales|76/100
|move|p2a: Ninetales|Aurora Veil|p2a: Ninetales
|-sidestart|p2: qcCGZ|move: Aurora Veil
|
|-weather|Snow|[upkeep]
|upkeep
|turn|2
|
|t:|1740483985
|switch|p2a: Kingambit|Kingambit, L50, F|100/100
|move|p1a: Roaring Moon|Dragon Dance|p1a: Roaring Moon
|-boost|p1a: Roaring Moon|atk|1
|-boost|p1a: Roaring Moon|spe|1
|
|-weather|Snow|[upkeep]
|upkeep
|turn|3
|
|t:|1740484002
|move|p1a: Roaring Moon|Knock Off|p2a: Kingambit
|-resisted|p2a: Kingambit
|-damage|p2a: Kingambit|85/100
|-enditem|p2a: Kingambit|Leftovers|[from] move: Knock Off|[of] p1a: Roaring Moon
|move|p2a: Kingambit|Swords Dance|p2a: Kingambit
|-boost|p2a: Kingambit|atk|2
|
|-weather|Snow|[upkeep]
|upkeep
|turn|4
|
|t:|1740484011
|move|p1a: Roaring Moon|Flamethrower|p2a: Kingambit
|-supereffective|p2a: Kingambit
|-damage|p2a: Kingambit|74/100
|move|p2a: Kingambit|Swords Dance|p2a: Kingambit
|-boost|p2a: Kingambit|atk|2
|
|-weather|Snow|[upkeep]
|upkeep
|turn|5
|
|t:|1740484016
|switch|p2a: Ninetales|Ninetales-Alola, L50, F, shiny|76/100
|move|p1a: Roaring Moon|Dragon Dance|p1a: Roaring Moon
|-boost|p1a: Roaring Moon|atk|1
|-boost|p1a: Roaring Moon|spe|1
|
|-weather|none
|upkeep
|turn|6
|
|t:|1740484033
|move|p1a: Roaring Moon|Dragon Dance|p1a: Roaring Moon
|-boost|p1a: Roaring Moon|atk|1
|-boost|p1a: Roaring Moon|spe|1
|move|p2a: Ninetales|Roar|p1a: Roaring Moon
|-end|p1a: Roaring Moon|Protosynthesis|[silent]
|drag|p1a: Calyrex|Calyrex-Ice, L50|100/100
|-ability|p1a: Calyrex|As One
|-ability|p1a: Calyrex|Unnerve
|
|upkeep
|turn|7
|
|t:|1740484055
|switch|p2a: Kingambit|Kingambit, L50, F|74/100
|move|p1a: Calyrex|Energy Ball|p2a: Kingambit
|-resisted|p2a: Kingambit
|-damage|p2a: Kingambit|67/100
|
|upkeep
|turn|8
|
|t:|1740484070
|move|p1a: Calyrex|Energy Ball|p2a: Kingambit
|-resisted|p2a: Kingambit
|-damage|p2a: Kingambit|60/100
|move|p2a: Kingambit|Swords Dance|p2a: Kingambit
|-boost|p2a: Kingambit|atk|2
|
|-sideend|p2: qcCGZ|move: Aurora Veil
|upkeep
|turn|9
|
|t:|1740484088
|switch|p1a: Roaring Moon|Roaring Moon, L50, tera:Fairy|100/100
|move|p2a: Kingambit|Iron Head|p1a: Roaring Moon
|-supereffective|p1a: Roaring Moon
|-damage|p1a: Roaring Moon|0 fnt
|faint|p1a: Roaring Moon
|-end|p1a: Roaring Moon|Protosynthesis|[silent]
|
|upkeep
|
|t:|1740484100
|switch|p1a: Chi-Yu|Chi-Yu, L50|100/100
|-ability|p1a: Chi-Yu|Beads of Ruin
|turn|10
|
|t:|1740484121
|switch|p2a: Ninetales|Ninetales-Alola, L50, F, shiny|76/100
|-weather|Snow|[from] ability: Snow Warning|[of] p2a: Ninetales
|move|p1a: Chi-Yu|Nasty Plot|p1a: Chi-Yu
|-boost|p1a: Chi-Yu|spa|2
|
|-weather|Snow|[upkeep]
|upkeep
|turn|11
|
|t:|1740484134
|move|p1a: Chi-Yu|Fire Blast|p2a: Ninetales
|-supereffective|p2a: Ninetales
|-damage|p2a: Ninetales|0 fnt
|faint|p2a: Ninetales
|-damage|p1a: Chi-Yu|90/100|[from] item: Life Orb
|
|-weather|Snow|[upkeep]
|upkeep
|
|t:|1740484143
|switch|p2a: Iron Bundle|Iron Bundle, L50, shiny|100/100
|turn|12
|
|t:|1740484154
|move|p2a: Iron Bundle|Hydro Pump|p1a: Chi-Yu
|-supereffective|p1a: Chi-Yu
|-damage|p1a: Chi-Yu|0 fnt
|faint|p1a: Chi-Yu
|-damage|p2a: Iron Bundle|91/100|[from] item: Life Orb
|
|-weather|Snow|[upkeep]
|upkeep
|
|t:|1740484158
|switch|p1a: Calyrex|Calyrex-Ice, L50|100/100
|-ability|p1a: Calyrex|As One
|-ability|p1a: Calyrex|Unnerve
|turn|13
|
|t:|1740484167
|-terastallize|p2a: Iron Bundle|Ice
|move|p2a: Iron Bundle|Blizzard|p1a: Calyrex
|-resisted|p1a: Calyrex
|-crit|p1a: Calyrex
|-damage|p1a: Calyrex|51/100
|-damage|p2a: Iron Bundle|81/100|[from] item: Life Orb
|move|p1a: Calyrex|Energy Ball|p2a: Iron Bundle
|-damage|p2a: Iron Bundle|1/100
|-unboost|p2a: Iron Bundle|spd|1
|
|-weather|Snow|[upkeep]
|upkeep
|turn|14
|
|t:|1740484182
|move|p2a: Iron Bundle|Blizzard|p1a: Calyrex
|-resisted|p1a: Calyrex
|-damage|p1a: Calyrex|17/100
|-damage|p2a: Iron Bundle|0 fnt|[from] item: Life Orb
|faint|p2a: Iron Bundle
|-end|p2a: Iron Bundle|Quark Drive|[silent]
|move|p1a: Calyrex|Energy Ball|p2: Iron Bundle|[notarget]
|-fail|p1a: Calyrex
|
|-weather|none
|upkeep
|
|t:|1740484192
|switch|p2a: Kingambit|Kingambit, L50, F|60/100
|turn|15
|
|t:|1740484199
|move|p1a: Calyrex|Energy Ball|p2a: Kingambit
|-resisted|p2a: Kingambit
|-damage|p2a: Kingambit|45/100
|move|p2a: Kingambit|Kowtow Cleave|p1a: Calyrex
|-supereffective|p1a: Calyrex
|-damage|p1a: Calyrex|0 fnt
|faint|p1a: Calyrex
|
|win|qcCGZ
|raw|Danic2004's rating: 1073 &rarr; <strong>1052<\/strong><br />(-21 for losing)
|raw|qcCGZ's rating: 1080 &rarr; <strong>1107<\/strong><br />(+27 for winning)
|l|☆Danic2004
|player|p1|
|l|☆qcCGZ
|player|p2|

</script>
<script type="application/json" class="data" id="replaydata-gen9bssregg-2307504385">
{"id":"gen9bssregg-2307504385","format":"[Gen 9] BSS Reg G","players":["Danic2004","qcCGZ"],"uploadtime":1740484510,"views":1,"formatid":"gen9bssregg","rating":1052,"private":0,"password":null}
</script>

<script defer="" src="js/replays.js?dd856472"></script>
<iframe name="googlefcPresent" style="display: none; width: 0px; height: 0px; border: none; z-index: -1000; left: -1000px; top: -1000px;"></iframe><iframe marginwidth="0" marginheight="0" scrolling="no" frameborder="0" id="1c7daab8b7a1c4" width="0" height="0" src="about:blank" name="__pb_locator__" style="display: none; height: 0px; width: 0px; border: 0px;"></iframe><iframe name="__tcfapiLocator" src="about:blank" style="display: none; width: 0px; height: 0px; border: none; z-index: -1000; left: -1000px; top: -1000px;"></iframe><iframe name="__uspapiLocator" src="about:blank" style="display: none; width: 0px; height: 0px; border: none; z-index: -1000; left: -1000px; top: -1000px;"></iframe><iframe name="__gppLocator" src="about:blank" style="display: none; width: 0px; height: 0px; border: none; z-index: -1000; left: -1000px; top: -1000px;"></iframe><iframe name="googlefcInactive" src="about:blank" style="display: none; width: 0px; height: 0px; border: none; z-index: -1000; left: -1000px; top: -1000px;"></iframe><iframe name="googlefcLoaded" src="about:blank" style="display: none; width: 0px; height: 0px; border: none; z-index: -1000; left: -1000px; top: -1000px;"></iframe><iframe src="https://s.amazon-adsystem.com/iu3?cm3ppd=1&amp;d=dtb-pub&amp;csif=t&amp;dl=n-mediagrid_an-db5" sandbox="allow-forms allow-pointer-lock allow-popups allow-popups-to-escape-sandbox allow-same-origin allow-scripts allow-top-navigation-by-user-activation allow-presentation" style="display: none;"></iframe><iframe src="https://www.google.com/recaptcha/api2/aframe" width="0" height="0" style="display: none;"></iframe><iframe name="google_ads_top_frame" id="google_ads_top_frame" sandbox="allow-forms allow-pointer-lock allow-popups allow-popups-to-escape-sandbox allow-same-origin allow-scripts allow-top-navigation-by-user-activation allow-presentation" style="display: none; position: fixed; left: -999px; top: -999px; width: 0px; height: 0px;"></iframe></body><iframe name="goog_topics_frame" src="https://securepubads.g.doubleclick.net/static/topics/topics_frame.html" style="display: none;"></iframe></html>