<html class="dark"><head><script type="text/javascript" async="" src="https://cdn.edkt.io/rNn9xk/edgekit.min.js"></script><meta charset="utf-8">
<meta name="viewport" content="width=device-width">

<title>[Gen 9] BSS Reg G: chochanwook vs. Sosuke0723 - Replays - Pokémon Showdown!</title>

<meta name="description" content="Watch a replay of a Pokémon battle between chochanwook and Sosuke0723! Format: [Gen 9] BSS Reg G; Date: Feb 27, 2025">
<!--

Hey, you! Looking in the source for the replay log?

You can find them in JSON format, just add `.json` at the end of a replay URL.

https://replay.pokemonshowdown.com/gen7randomdoublesbattle-865046831.json

Or, if you only need the log itself, add `.log` instead:

https://replay.pokemonshowdown.com/gen7randomdoublesbattle-865046831.log

-->

<link rel="stylesheet" href="//pokemonshowdown.com/style/global.css?0.33511372851231">
<link rel="stylesheet" href="//play.pokemonshowdown.com/style/font-awesome.css?0.5883895382621385">
<link rel="stylesheet" href="//play.pokemonshowdown.com/style/battle.css?0.10240648377952621">
<link rel="stylesheet" href="//play.pokemonshowdown.com/style/utilichart.css?0.5738233469631782">

<!-- Global site tag (gtag.js) - Google Analytics -->
<script async="" src="https://secure.cdn.fastclick.net/js/cnvr-coreid/latest/coreid.min.js"></script><script async="" src="https://secure.cdn.fastclick.net/js/cnvr-launcher/latest/launcher.min.js"></script><script src="https://cdn.hadronid.net/hadron.js?url=https%3A%2F%2Freplay.pokemonshowdown.com%2Fgen9bssregg-2308689663&amp;ref=&amp;_it=amazon&amp;partner_id=288"></script><script src="https://rules.quantcount.com/rules-p-Hwnr8j7tWA3Nu.js" async=""></script><script type="text/javascript" async="" src="https://www.google-analytics.com/analytics.js"></script><script type="text/javascript" async="" src="https://www.googletagmanager.com/gtag/js?id=G-8B1DJVGJ9K&amp;l=dataLayer&amp;cx=c&amp;gtm=457e52o0za200&amp;tag_exp=101732282~101732284~102067808~102482433~102539968~102558064~102587591~102605417~102640600~102658453~102717422"></script><script async="" src="https://www.googletagmanager.com/gtag/js?id=UA-26211653-1"></script>
<script>
  window.dataLayer = window.dataLayer || [];
  function gtag(){dataLayer.push(arguments);}
  gtag('js', new Date());

  gtag('config', 'UA-26211653-1');
</script>
<!-- End Google Analytics -->
<!-- Venatus Ad Manager - Install in <HEAD> of page -->
	<script src="https://hb.vntsm.com/v3/live/ad-manager.min.js" type="text/javascript" data-site-id="642aba63ec9a7b11c3c9c1be" data-mode="scan" async=""></script>
<!-- / Venatus Ad Manager -->

<style>
	@media (max-width:820px) {
		.battle {
			margin: 0 auto;
		}
		.battle-log {
			margin: 7px auto 0;
			max-width: 640px;
			height: 300px;
			position: static;
		}
	}
	.optgroup {
		display: inline-block;
		line-height: 22px;
		font-size: 10pt;
	}
	.optgroup .button {
		height: 25px;
		padding-top: 0;
		padding-bottom: 0;
	}
	.optgroup button.button {
		padding-left: 12px;
		padding-right: 12px;
	}
	.linklist {
		list-style: none;
		margin: 0.5em 0;
		padding: 0;
	}
	.linklist li {
		padding: 2px 0;
	}
	.sidebar {
		float: left;
		width: 320px;
	}
	.bar-wrapper {
		max-width: 1100px;
		margin: 0 auto;
	}
	.bar-wrapper.has-sidebar {
		max-width: 1430px;
	}
	.mainbar {
		margin: 0;
		padding-right: 1px;
	}
	.mainbar.has-sidebar {
		margin-left: 330px;
	}
	@media (min-width: 1511px) {
		.sidebar {
			width: 400px;
		}
		.bar-wrapper.has-sidebar {
			max-width: 1510px;
		}
		.mainbar.has-sidebar {
			margin-left: 410px;
		}
	}
	.section.first-section {
		margin-top: 9px;
	}
	.blocklink small {
		white-space: normal;
	}
	.button {
		vertical-align: middle;
	}
	.replay-controls {
		padding-top: 10px;
	}
	.replay-controls h1 {
		font-size: 16pt;
		font-weight: normal;
		color: #CCC;
	}
	.pagelink {
		text-align: center;
	}
	.pagelink a {
		width: 150px;
	}
	.textbox, .button {
		font-size: 11pt;
		vertical-align: middle;
	}
	@media (max-width: 450px) {
		.button {
			font-size: 9pt;
		}
	}
</style>

<script type="text/javascript" src="https://hb.vntsm.com/v3/live/ad-manager-bundle.min.js" async=""></script><script type="text/javascript" src="https://ats.rlcdn.com/ats.js" async=""></script><script type="text/javascript" src="https://securepubads.g.doubleclick.net/tag/js/gpt.js" async=""></script><style>
          .vm-placement[data-rejected=true]>div[id^=google_ads_iframe] {
            display: none;
          }
          </style><script type="text/javascript" src="https://c.amazon-adsystem.com/aax2/apstag.js" async=""></script><script type="text/javascript" src="https://secure.quantserve.com/quant.js" async=""></script><script type="text/javascript" src="https://pub.doubleverify.com/dvtag/34896827/DV1430477/pub.js" async=""></script><meta http-equiv="origin-trial" content="AlK2UR5SkAlj8jjdEc9p3F3xuFYlF6LYjAML3EOqw1g26eCwWPjdmecULvBH5MVPoqKYrOfPhYVL71xAXI1IBQoAAAB8eyJvcmlnaW4iOiJodHRwczovL2RvdWJsZWNsaWNrLm5ldDo0NDMiLCJmZWF0dXJlIjoiV2ViVmlld1hSZXF1ZXN0ZWRXaXRoRGVwcmVjYXRpb24iLCJleHBpcnkiOjE3NTgwNjcxOTksImlzU3ViZG9tYWluIjp0cnVlfQ=="><meta http-equiv="origin-trial" content="Amm8/NmvvQfhwCib6I7ZsmUxiSCfOxWxHayJwyU1r3gRIItzr7bNQid6O8ZYaE1GSQTa69WwhPC9flq/oYkRBwsAAACCeyJvcmlnaW4iOiJodHRwczovL2dvb2dsZXN5bmRpY2F0aW9uLmNvbTo0NDMiLCJmZWF0dXJlIjoiV2ViVmlld1hSZXF1ZXN0ZWRXaXRoRGVwcmVjYXRpb24iLCJleHBpcnkiOjE3NTgwNjcxOTksImlzU3ViZG9tYWluIjp0cnVlfQ=="><meta http-equiv="origin-trial" content="A9wSqI5i0iwGdf6L1CERNdmsTPgVu44ewj8QxTBYgsv1LCPUVF7YmWOvTappqB1139jAymxUW/RO8zmMqo4zlAAAAACNeyJvcmlnaW4iOiJodHRwczovL2RvdWJsZWNsaWNrLm5ldDo0NDMiLCJmZWF0dXJlIjoiRmxlZGdlQmlkZGluZ0FuZEF1Y3Rpb25TZXJ2ZXIiLCJleHBpcnkiOjE3MzY4MTI4MDAsImlzU3ViZG9tYWluIjp0cnVlLCJpc1RoaXJkUGFydHkiOnRydWV9"><meta http-equiv="origin-trial" content="A+d7vJfYtay4OUbdtRPZA3y7bKQLsxaMEPmxgfhBGqKXNrdkCQeJlUwqa6EBbSfjwFtJWTrWIioXeMW+y8bWAgQAAACTeyJvcmlnaW4iOiJodHRwczovL2dvb2dsZXN5bmRpY2F0aW9uLmNvbTo0NDMiLCJmZWF0dXJlIjoiRmxlZGdlQmlkZGluZ0FuZEF1Y3Rpb25TZXJ2ZXIiLCJleHBpcnkiOjE3MzY4MTI4MDAsImlzU3ViZG9tYWluIjp0cnVlLCJpc1RoaXJkUGFydHkiOnRydWV9"><script src="https://securepubads.g.doubleclick.net/pagead/managed/js/gpt/m202502200101/pubads_impl.js" async=""></script><link href="https://securepubads.g.doubleclick.net/pagead/managed/dict/m202502250101/gpt" rel="compression-dictionary"><script src="https://config.aps.amazon-adsystem.com/configs/70247b00-ff8f-4016-b3ab-8344daf96e09" type="text/javascript" async="async"></script><script async="" src="https://fundingchoicesmessages.google.com/i/21726375739?ers=3"></script><script src="//secure.cdn.fastclick.net/js/pubcid/latest/pubcid.min.js"></script><script src="//cdn.id5-sync.com/api/1.0/id5-api.js"></script><script type="text/javascript" async="" src="https://secure.cdn.fastclick.net/js/cnvr-launcher/latest/launcher-stub.min.js"></script><script async="" src="https://fundingchoicesmessages.google.com/f/AGSKWxVMliXwUCvikZpeH1lNnyD6Km6SGz-mzervM3k0p8cF7DqumQp-iJakOI_KN5VD6iX3NjgdPC4ZcaSThwjRqIQOOTdvqIh8eZBVNpaoqVrYoDimIGk8zjGIHnhYitA7_YpYhqjMkw==?fccs=W1siQUtzUm9sLTRLaFMyb1k1dDU0dU1vbVo3NzZ1RHktNnpBZ0g5UDlkU2VqMHlOMjI0cnBtNkpLZ2FoRHJoZl9iRm0xeWlYTmdSS3hQQzAySHFnQVc1MlpWVThsSWNtMmNXN2NOeWR3cVZxX0JJZlAtYklORm5wRHBndF9jUjVETFhaNFJUSlRhM1NrTlpodG9aQTJ4SUJfSXBSR1hDZW14cFNRPT0iXSxudWxsLG51bGwsbnVsbCxudWxsLG51bGwsWzE3NDA2NDcyMDMsODAwMDAwMF0sbnVsbCxudWxsLG51bGwsW251bGwsWzddXSwiaHR0cHM6Ly9yZXBsYXkucG9rZW1vbnNob3dkb3duLmNvbS9nZW45YnNzcmVnZy0yMzA4Njg5NjYzIixudWxsLFtbOCwiSlRreXF4eUVXeXMiXSxbOSwiamEiXSxbMjMsIjE3NDA2NDcwMDMiXSxbMTksIjIiXSxbMjQsIiJdXV0"></script><meta http-equiv="origin-trial" content="AxjhRadLCARYRJawRjMjq4U8V8okQvSnrBIJWdMajuEkN3/DfVAcLcFhMVrUWnOXagwlI8dQD84FwJDGj9ohqAYAAABveyJvcmlnaW4iOiJodHRwczovL2dvb2dsZWFkc2VydmljZXMuY29tOjQ0MyIsImZlYXR1cmUiOiJGZXRjaExhdGVyQVBJIiwiZXhwaXJ5IjoxNzI1NDA3OTk5LCJpc1RoaXJkUGFydHkiOnRydWV9"><script async="" src="https://fundingchoicesmessages.google.com/f/AGSKWxVdIwUo22jPTwOXMLy5_7j0-UV0ow4kh2jjLfJ_j3SNqtnXzWzyCMYfrLZ7BzEhiqusxU4m_BtnbiPndAXzhDhkcoqiiPA0A3VssF9HwODoLd58_6rxGfkmeICwI7gHrulBULld5w==?fccs=W1siQUtzUm9sLTRLaFMyb1k1dDU0dU1vbVo3NzZ1RHktNnpBZ0g5UDlkU2VqMHlOMjI0cnBtNkpLZ2FoRHJoZl9iRm0xeWlYTmdSS3hQQzAySHFnQVc1MlpWVThsSWNtMmNXN2NOeWR3cVZxX0JJZlAtYklORm5wRHBndF9jUjVETFhaNFJUSlRhM1NrTlpodG9aQTJ4SUJfSXBSR1hDZW14cFNRPT0iXSxudWxsLG51bGwsbnVsbCxudWxsLG51bGwsWzE3NDA2NDcyMDMsODI0MDAwMDAwXSxudWxsLG51bGwsbnVsbCxbbnVsbCxbNyw2XSxudWxsLG51bGwsbnVsbCxudWxsLG51bGwsbnVsbCxudWxsLG51bGwsbnVsbCwxXSwiaHR0cHM6Ly9yZXBsYXkucG9rZW1vbnNob3dkb3duLmNvbS9nZW45YnNzcmVnZy0yMzA4Njg5NjYzIixudWxsLFtbOCwiSlRreXF4eUVXeXMiXSxbOSwiamEiXSxbMjMsIjE3NDA2NDcwMDMiXSxbMTksIjIiXSxbMjQsIiJdXV0"></script><script async="" src="https://fundingchoicesmessages.google.com/f/AGSKWxVIHVT0ylq7ZD3oTUzTe3mZeNxvKgyQlpYNXxx0Ps2o_isqLa2pfZ_k2N08Q9PWOeDrLX7zb8zxBkQ1vX9AIasevNuRUbaVIovQ8Iq1vxWXVS_bU5M6fFigQBTrrcfcFOJp35zt0g==?fccs=W1siQUtzUm9sLTRLaFMyb1k1dDU0dU1vbVo3NzZ1RHktNnpBZ0g5UDlkU2VqMHlOMjI0cnBtNkpLZ2FoRHJoZl9iRm0xeWlYTmdSS3hQQzAySHFnQVc1MlpWVThsSWNtMmNXN2NOeWR3cVZxX0JJZlAtYklORm5wRHBndF9jUjVETFhaNFJUSlRhM1NrTlpodG9aQTJ4SUJfSXBSR1hDZW14cFNRPT0iXSxudWxsLG51bGwsbnVsbCxudWxsLG51bGwsWzE3NDA2NDcyMDMsOTM2MDAwMDAwXSxudWxsLG51bGwsbnVsbCxbbnVsbCxbNyw2LDEwXSxudWxsLG51bGwsbnVsbCxudWxsLG51bGwsbnVsbCxudWxsLG51bGwsbnVsbCwxXSwiaHR0cHM6Ly9yZXBsYXkucG9rZW1vbnNob3dkb3duLmNvbS9nZW45YnNzcmVnZy0yMzA4Njg5NjYzIixudWxsLFtbOCwiSlRreXF4eUVXeXMiXSxbOSwiamEiXSxbMjMsIjE3NDA2NDcwMDMiXSxbMTksIjIiXSxbMjQsIiJdXV0"></script><script async="" src="https://fundingchoicesmessages.google.com/f/AGSKWxXxO-pIouwF44Fj5W6McZHGZvx53pjuxQDDfKRZJvCLxA1-gKQYlZV3cE0a_wVNBcO23Y0oq-UjtgGE8z88LHphmEYxj11GHiJ6b0qPDMBXlZ0hIb81KKxjWoQur3oMggkACH778w==?fccs=W1siQUtzUm9sLTRLaFMyb1k1dDU0dU1vbVo3NzZ1RHktNnpBZ0g5UDlkU2VqMHlOMjI0cnBtNkpLZ2FoRHJoZl9iRm0xeWlYTmdSS3hQQzAySHFnQVc1MlpWVThsSWNtMmNXN2NOeWR3cVZxX0JJZlAtYklORm5wRHBndF9jUjVETFhaNFJUSlRhM1NrTlpodG9aQTJ4SUJfSXBSR1hDZW14cFNRPT0iXSxudWxsLG51bGwsbnVsbCxudWxsLG51bGwsWzE3NDA2NDcyMDQsNzkwMDAwMDBdLG51bGwsbnVsbCxudWxsLFtudWxsLFs3LDYsMTAsOV0sbnVsbCwyLG51bGwsImVuLUdCIixudWxsLG51bGwsbnVsbCxudWxsLG51bGwsMV0sImh0dHBzOi8vcmVwbGF5LnBva2Vtb25zaG93ZG93bi5jb20vZ2VuOWJzc3JlZ2ctMjMwODY4OTY2MyIsbnVsbCxbWzgsIkpUa3lxeHlFV3lzIl0sWzksImphIl0sWzIzLCIxNzQwNjQ3MDAzIl0sWzE5LCIyIl0sWzI0LCIiXV1d"></script></head><body><div>

	<header>
		<div class="nav-wrapper"><ul class="nav">
			<li><a class="button nav-first" href="//pokemonshowdown.com/"><img src="//pokemonshowdown.com/images/pokemonshowdownbeta.png" srcset="//pokemonshowdown.com/images/pokemonshowdownbeta.png 1x, //pokemonshowdown.com/images/pokemonshowdownbeta@2x.png 2x" alt="Pokémon Showdown" width="146" height="44"> Home</a></li>
			<li><a class="button" href="//pokemonshowdown.com/dex/">Pokédex</a></li>
			<li><a class="button cur" href="/">Replays</a></li>
			<li><a class="button" href="//pokemonshowdown.com/ladder/">Ladder</a></li>
			<li><a class="button nav-last" href="//pokemonshowdown.com/forums/">Forum</a></li>
			<li><a class="button greenbutton nav-first nav-last" href="//play.pokemonshowdown.com/">Play</a></li>
		</ul></div>
	</header>

	<div class="main" id="main"><div class="bar-wrapper"><div class="mainbar"><div style="position: relative;"><div class="battle" style="position: relative; transform: none; margin-bottom: 0px;"><div class="innerbattle"><div class="backdrop" style="display: block; opacity: 0.8; background-image: url(&quot;https://play.pokemonshowdown.com/sprites/gen6bgs/bg-darkcity.jpg&quot;);"></div><div class="weather"></div><div class="weather"></div><div></div><div><div><img src="https://play.pokemonshowdown.com/sprites/gen5/terapagos.png" width="96" height="96" style="position:absolute;top:50px;left:180px"><img src="https://play.pokemonshowdown.com/sprites/gen5/glimmora.png" width="96" height="96" style="position:absolute;top:53px;left:230px"><img src="https://play.pokemonshowdown.com/sprites/gen5/fluttermane.png" width="96" height="96" style="position:absolute;top:56px;left:280px"><img src="https://play.pokemonshowdown.com/sprites/ani/urshifu.gif" width="73" height="122" style="position:absolute;top:46px;left:341px"><img src="https://play.pokemonshowdown.com/sprites/ani/rillaboom.gif" width="101" height="122" style="position:absolute;top:49px;left:377px"><img src="https://play.pokemonshowdown.com/sprites/ani/heatran.gif" width="124" height="64" style="position:absolute;top:81px;left:416px"><div style="position:absolute;top:143px;left:188px;width:80px;font-size:10px;text-align:center;color:#FFF;"><img src="https://play.pokemonshowdown.com/fx/gender-m.png" alt="M" width="7" height="10" class="pixelated" style="margin-bottom:-1px"> <span style="text-shadow:#000 1px 1px 0,#000 1px -1px 0,#000 -1px 1px 0,#000 -1px -1px 0"><small>L</small>50</span></div><div style="position:absolute;top:146px;left:238px;width:80px;font-size:10px;text-align:center;color:#FFF;"><img src="https://play.pokemonshowdown.com/fx/gender-m.png" alt="M" width="7" height="10" class="pixelated" style="margin-bottom:-1px"> <span style="text-shadow:#000 1px 1px 0,#000 1px -1px 0,#000 -1px 1px 0,#000 -1px -1px 0"><small>L</small>50</span></div><div style="position:absolute;top:149px;left:288px;width:80px;font-size:10px;text-align:center;color:#FFF;"><span style="text-shadow:#000 1px 1px 0,#000 1px -1px 0,#000 -1px 1px 0,#000 -1px -1px 0"><small>L</small>50</span></div><div style="position:absolute;top:152px;left:338px;width:80px;font-size:10px;text-align:center;color:#FFF;"><img src="https://play.pokemonshowdown.com/fx/gender-m.png" alt="M" width="7" height="10" class="pixelated" style="margin-bottom:-1px"> <span style="text-shadow:#000 1px 1px 0,#000 1px -1px 0,#000 -1px 1px 0,#000 -1px -1px 0"><small>L</small>50</span></div><div style="position:absolute;top:155px;left:388px;width:80px;font-size:10px;text-align:center;color:#FFF;"><img src="https://play.pokemonshowdown.com/fx/gender-m.png" alt="M" width="7" height="10" class="pixelated" style="margin-bottom:-1px"> <span style="text-shadow:#000 1px 1px 0,#000 1px -1px 0,#000 -1px 1px 0,#000 -1px -1px 0"><small>L</small>50</span></div><div style="position:absolute;top:158px;left:438px;width:80px;font-size:10px;text-align:center;color:#FFF;"><img src="https://play.pokemonshowdown.com/fx/gender-f.png" alt="F" width="7" height="10" class="pixelated" style="margin-bottom:-1px"> <span style="text-shadow:#000 1px 1px 0,#000 1px -1px 0,#000 -1px 1px 0,#000 -1px -1px 0"><small>L</small>50</span></div></div><div></div><div></div><div><img src="https://play.pokemonshowdown.com/sprites/ani-back/alomomola.gif" width="56" height="108" style="position:absolute;top:194px;left:120px"><img src="https://play.pokemonshowdown.com/sprites/ani-back/hooh.gif" width="142" height="139" style="position:absolute;top:181px;left:127px"><img src="https://play.pokemonshowdown.com/sprites/ani-back/toxapex.gif" width="114" height="81" style="position:absolute;top:213px;left:191px"><img src="https://play.pokemonshowdown.com/sprites/gen5-back/hydrapple.png" width="96" height="96" style="position:absolute;top:209px;left:250px"><img src="https://play.pokemonshowdown.com/sprites/ani-back/skeledirge.gif" width="143" height="80" style="position:absolute;top:220px;left:276px"><img src="https://play.pokemonshowdown.com/sprites/gen5-back/ceruledge.png" width="96" height="96" style="position:absolute;top:215px;left:350px"><div style="position:absolute;top:293px;left:108px;width:80px;font-size:10px;text-align:center;color:#FFF;"><img src="https://play.pokemonshowdown.com/fx/gender-f.png" alt="F" width="7" height="10" class="pixelated" style="margin-bottom:-1px"> <span style="text-shadow:#000 1px 1px 0,#000 1px -1px 0,#000 -1px 1px 0,#000 -1px -1px 0"><small>L</small>50</span></div><div style="position:absolute;top:296px;left:158px;width:80px;font-size:10px;text-align:center;color:#FFF;"><span style="text-shadow:#000 1px 1px 0,#000 1px -1px 0,#000 -1px 1px 0,#000 -1px -1px 0"><small>L</small>50</span></div><div style="position:absolute;top:299px;left:208px;width:80px;font-size:10px;text-align:center;color:#FFF;"><img src="https://play.pokemonshowdown.com/fx/gender-m.png" alt="M" width="7" height="10" class="pixelated" style="margin-bottom:-1px"> <span style="text-shadow:#000 1px 1px 0,#000 1px -1px 0,#000 -1px 1px 0,#000 -1px -1px 0"><small>L</small>50</span></div><div style="position:absolute;top:302px;left:258px;width:80px;font-size:10px;text-align:center;color:#FFF;"><img src="https://play.pokemonshowdown.com/fx/gender-f.png" alt="F" width="7" height="10" class="pixelated" style="margin-bottom:-1px"> <span style="text-shadow:#000 1px 1px 0,#000 1px -1px 0,#000 -1px 1px 0,#000 -1px -1px 0"><small>L</small>50</span></div><div style="position:absolute;top:305px;left:308px;width:80px;font-size:10px;text-align:center;color:#FFF;"><img src="https://play.pokemonshowdown.com/fx/gender-f.png" alt="F" width="7" height="10" class="pixelated" style="margin-bottom:-1px"> <span style="text-shadow:#000 1px 1px 0,#000 1px -1px 0,#000 -1px 1px 0,#000 -1px -1px 0"><small>L</small>50</span></div><div style="position:absolute;top:308px;left:358px;width:80px;font-size:10px;text-align:center;color:#FFF;"><img src="https://play.pokemonshowdown.com/fx/gender-f.png" alt="F" width="7" height="10" class="pixelated" style="margin-bottom:-1px"> <span style="text-shadow:#000 1px 1px 0,#000 1px -1px 0,#000 -1px 1px 0,#000 -1px -1px 0"><small>L</small>50</span></div></div></div><div role="complementary" aria-label="Active Pokemon"></div><div></div><div class="leftbar" role="complementary" aria-label="Your Team"><div class="trainer trainer-near"><strong>chochanwook</strong><div class="trainersprite" title="Rating: 1396" style="background-image:url(https://play.pokemonshowdown.com/sprites/trainers/lucas.png)"></div><div class="teamicons"><span class="picon has-tooltip" data-tooltip="pokemon|0|0" style="background:transparent url(https://play.pokemonshowdown.com/sprites/pokemonicons-sheet.png?v18) no-repeat scroll -240px -1470px;opacity:0.6" aria-label="Alomomola"></span><span class="picon has-tooltip" data-tooltip="pokemon|0|1" style="background:transparent url(https://play.pokemonshowdown.com/sprites/pokemonicons-sheet.png?v18) no-repeat scroll -400px -600px;opacity:0.6" aria-label="Ho-Oh"></span><span class="picon has-tooltip" data-tooltip="pokemon|0|2" style="background:transparent url(https://play.pokemonshowdown.com/sprites/pokemonicons-sheet.png?v18) no-repeat scroll -160px -1860px;opacity:0.6" aria-label="Toxapex"></span></div><div class="teamicons"><span class="picon has-tooltip" data-tooltip="pokemon|0|3" style="background:transparent url(https://play.pokemonshowdown.com/sprites/pokemonicons-sheet.png?v18) no-repeat scroll -440px -2520px;opacity:0.6" aria-label="Hydrapple"></span><span class="picon has-tooltip" data-tooltip="pokemon|0|4" style="background:transparent url(https://play.pokemonshowdown.com/sprites/pokemonicons-sheet.png?v18) no-repeat scroll -440px -2250px;opacity:0.6" aria-label="Skeledirge"></span><span class="picon has-tooltip" data-tooltip="pokemon|0|5" style="background:transparent url(https://play.pokemonshowdown.com/sprites/pokemonicons-sheet.png?v18) no-repeat scroll -40px -2340px;opacity:0.6" aria-label="Ceruledge"></span></div><div class="teamicons"></div></div></div><div class="rightbar" role="complementary" aria-label="Opponent's Team"><div class="trainer trainer-far"><strong>Sosuke0723</strong><div class="trainersprite" title="Rating: 1208" style="background-image:url(https://play.pokemonshowdown.com/sprites/trainers/n.png)"></div><div class="teamicons"><span class="picon has-tooltip" data-tooltip="pokemon|1|0" style="background:transparent url(https://play.pokemonshowdown.com/sprites/pokemonicons-sheet.png?v18) no-repeat scroll -160px -2550px;opacity:0.6" aria-label="Terapagos"></span><span class="picon has-tooltip" data-tooltip="pokemon|1|1" style="background:transparent url(https://play.pokemonshowdown.com/sprites/pokemonicons-sheet.png?v18) no-repeat scroll -400px -2400px;opacity:0.6" aria-label="Glimmora"></span><span class="picon has-tooltip" data-tooltip="pokemon|1|2" style="background:transparent url(https://play.pokemonshowdown.com/sprites/pokemonicons-sheet.png?v18) no-repeat scroll -120px -2460px;opacity:0.6" aria-label="Flutter Mane"></span></div><div class="teamicons"><span class="picon has-tooltip" data-tooltip="pokemon|1|3" style="background:transparent url(https://play.pokemonshowdown.com/sprites/pokemonicons-sheet.png?v18) no-repeat scroll -160px -2220px;opacity:0.6" aria-label="Urshifu-*"></span><span class="picon has-tooltip" data-tooltip="pokemon|1|4" style="background:transparent url(https://play.pokemonshowdown.com/sprites/pokemonicons-sheet.png?v18) no-repeat scroll -320px -2010px;opacity:0.6" aria-label="Rillaboom"></span><span class="picon has-tooltip" data-tooltip="pokemon|1|5" style="background:transparent url(https://play.pokemonshowdown.com/sprites/pokemonicons-sheet.png?v18) no-repeat scroll -200px -1200px;opacity:0.6" aria-label="Heatran"></span></div><div class="teamicons"></div></div></div><div></div><div class="messagebar message"></div><div></div><div class="message" style="position:absolute;display:block;visibility:hidden"></div><div class="tooltips"><div class="has-tooltip" style="position:absolute;top:70px;left:250px;width:80px;height:100px;" data-id="p2c" data-tooltip="activepokemon|1|2" data-ownheight="1"></div><div class="has-tooltip" style="position:absolute;top:85px;left:320px;width:90px;height:100px;" data-id="p2b" data-tooltip="activepokemon|1|1" data-ownheight="1"></div><div class="has-tooltip" style="position:absolute;top:90px;left:390px;width:100px;height:100px;" data-id="p2a" data-tooltip="activepokemon|1|0" data-ownheight="1"></div><div class="has-tooltip" style="position:absolute;top:200px;left:130px;width:120px;height:160px;" data-id="p1a" data-tooltip="activepokemon|0|0" data-ownheight="1"></div><div class="has-tooltip" style="position:absolute;top:200px;left:250px;width:150px;height:160px;" data-id="p1b" data-tooltip="activepokemon|0|1" data-ownheight="1"></div><div class="has-tooltip" style="position:absolute;top:200px;left:350px;width:150px;height:160px;" data-id="p1c" data-tooltip="activepokemon|0|2" data-ownheight="1"></div></div></div><div class="playbutton"><button name="play" class="button"><i class="fa fa-play"></i> Play</button><br><br><button name="play-muted" class="startsoundchooser button" style="font-size:10pt">Play (sound off)</button></div></div><div class="battle-log" role="log"><div class="battle-options"></div><div class="inner message-log"><div class="chat"><small>☆chochanwook and ‽Sosuke0723 joined</small></div><div class=""><small>Format:</small> <br><strong>[Gen 9] BSS Reg G</strong></div><div class="rated"><strong>Rated battle</strong></div><div class=""><small><em>Species Clause:</em> Limit one of each Pokémon</small></div><div class=""><small><em>Item Clause:</em> Limit 1 of each item</small></div><div class="chat battle-history"><strong>chochanwook's team:</strong> <em style="color:#445566;display:block;">Alomomola / Ho-Oh / Toxapex / Hydrapple / Skeledirge / Ceruledge</em></div><div class="chat battle-history"><strong>Sosuke0723's team:</strong> <em style="color:#445566;display:block;">Terapagos / Glimmora / Flutter Mane / Urshifu-* / Rillaboom / Heatran</em></div></div><div class="inner-preempt message-log"></div></div><div class="replay-controls"><p><button class="button" style="width: 5em; margin-right: 3px;"><i class="fa fa-play"></i><br><strong>Play</strong></button> <button class="button button-first" disabled=""><i class="fa fa-fast-backward"></i><br>First turn</button><button class="button button-first" disabled="" style="margin-left: 1px; position: relative; z-index: 1;"><i class="fa fa-step-backward"></i><br>Prev turn</button><button class="button button-last" style="margin-right: 2px;"><i class="fa fa-step-forward"></i><br>Skip turn</button><button class="button button-last"><i class="fa fa-fast-forward"></i><br>Skip to end</button> <button class="button"><i class="fa fa-repeat"></i> Go to turn...</button></p><p><label class="optgroup">Speed:<br><select name="speed" class="button"><option value="hyperfast">Hyperfast</option><option value="fast">Fast</option><option value="normal">Normal</option><option value="slow">Slow</option><option value="reallyslow">Really slow</option></select></label> <label class="optgroup">Sound:<br><select name="sound" class="button"><option value="on">On</option><option value="musicoff">Music Off</option><option value="off">Muted</option></select></label> <label class="optgroup">Dark mode:<br><select name="darkmode" class="button"><option value="auto">Automatic</option><option value="dark">Dark</option><option value="light">Light</option></select></label> <label class="optgroup">Viewpoint:<br><button name="viewpoint" class="button">chochanwook <i class="fa fa-random" aria-label="Switch viewpoint"></i></button></label></p><h1><strong>[Gen 9] BSS Reg G</strong>: chochanwook vs. Sosuke0723</h1><p><a class="button" href="#" style="float: right;"><i class="fa fa-download" aria-hidden="true"></i> Download</a>Thu Feb 27 2025 | <em>Rating:</em> 1195</p><p><a href="." class="button"><i class="fa fa-caret-left"></i> More replays</a></p></div><div id="LeaderboardBTF"><div class="vm-placement" data-id="6452680c0b35755a3f09b59b" data-pos="1101" id="6452680c0b35755a3f09b59b-1101" data-reg="true" data-rejected="true" style="background: none; position: relative; overflow: hidden; margin: 0px auto; max-width: 970px; width: 970px; height: 250px;" data-google-query-id="CLKPx5LA44sDFSSYuQUdNegnzw"><div id="google_ads_iframe_/21726375739,22916103450/VM_642aba63ec9a7b11c3c9c1be/VM_6452680c0b35755a3f09b59b_0__container__" style="border: 0pt none; display: none;"><iframe id="google_ads_iframe_/21726375739,22916103450/VM_642aba63ec9a7b11c3c9c1be/VM_6452680c0b35755a3f09b59b_0" name="google_ads_iframe_/21726375739,22916103450/VM_642aba63ec9a7b11c3c9c1be/VM_6452680c0b35755a3f09b59b_0" title="3rd party ad content" width="300" height="250" scrolling="no" marginwidth="0" marginheight="0" frameborder="0" aria-label="Advertisement" tabindex="0" allow="private-state-token-redemption;attribution-reporting" sandbox="allow-forms allow-pointer-lock allow-popups allow-popups-to-escape-sandbox allow-same-origin allow-scripts allow-top-navigation-by-user-activation allow-presentation" data-load-complete="true" style="border: 0px; vertical-align: bottom; display: none;" data-google-container-id="1"></iframe></div><iframe width="970" height="250" allowtransparency="true" marginheight="0" marginwidth="0" scrolling="no" frameborder="0" src="javascript:window.parent%5B%22fdbc3791-c011-c584-5e33-5bc1adb98e04%22%5D.run(%7Bwnd%3Awindow%2Csjs%3A%22javascript%3A'%3Chtml%3E%3Cbody%3E%3C%2Fbody%3E%3C%2Fhtml%3E'%22%7D)" sandbox="allow-forms allow-pointer-lock allow-popups allow-popups-to-escape-sandbox allow-same-origin allow-scripts allow-top-navigation-by-user-activation allow-presentation" style="display: block;"></iframe></div></div></div></div><div style="clear: both;"></div></div>

		<noscript><section class="section">You need to enable JavaScript to use this page; sorry!</section></noscript>

	</div>

</div>

<script defer="" nomodule="" src="//play.pokemonshowdown.com/js/lib/ps-polyfill.js"></script>
<script defer="" src="//play.pokemonshowdown.com/js/lib/preact.min.js"></script>

<script defer="" src="//play.pokemonshowdown.com/config/config.js?c26401c5"></script>
<script defer="" src="//play.pokemonshowdown.com/js/lib/jquery-1.11.0.min.js"></script>
<script defer="" src="//play.pokemonshowdown.com/js/lib/html-sanitizer-minified.js"></script>
<script defer="" src="//play.pokemonshowdown.com/js/battle-sound.js"></script>
<script defer="" src="//play.pokemonshowdown.com/js/battledata.js?0.14832469279025817"></script>
<script defer="" src="//play.pokemonshowdown.com/data/pokedex-mini.js?0.33945589529368037"></script>
<script defer="" src="//play.pokemonshowdown.com/data/pokedex-mini-bw.js?0.8023830347061633"></script>
<script defer="" src="//play.pokemonshowdown.com/data/graphics.js?0.41044878336296287"></script>
<script defer="" src="//play.pokemonshowdown.com/data/pokedex.js?0.9954804604281977"></script>
<script defer="" src="//play.pokemonshowdown.com/data/moves.js?0.28615866532549594"></script>
<script defer="" src="//play.pokemonshowdown.com/data/abilities.js?0.4808802365093021"></script>
<script defer="" src="//play.pokemonshowdown.com/data/items.js?0.0757413065159036"></script>
<script defer="" src="//play.pokemonshowdown.com/data/teambuilder-tables.js?0.46076668685013433"></script>
<script defer="" src="//play.pokemonshowdown.com/js/battle-tooltips.js?0.6477502301672804"></script>
<script defer="" src="//play.pokemonshowdown.com/js/battle.js?0.04130039862680368"></script>

<script defer="" src="js/utils.js?0abca7ba"></script>
<script defer="" src="js/replays-battle.js?208ecb6b"></script>

<!-- don't scrape this data! just add .json or .log after the URL!
Full API docs: https://github.com/smogon/pokemon-showdown-client/blob/master/WEB-API.md -->
<script type="text/plain" class="log" id="replaylog-gen9bssregg-2308689663">
|j|☆chochanwook
|j|‽Sosuke0723
|t:|1740623436
|gametype|singles
|player|p1|chochanwook|1|1396
|player|p2|Sosuke0723|n|1208
|teamsize|p1|6
|teamsize|p2|6
|gen|9
|tier|[Gen 9] BSS Reg G
|rated|
|rule|Species Clause: Limit one of each Pokémon
|rule|Item Clause: Limit 1 of each item
|clearpoke
|poke|p1|Alomomola, L50, F|
|poke|p1|Ho-Oh, L50|
|poke|p1|Toxapex, L50, M|
|poke|p1|Hydrapple, L50, F|
|poke|p1|Skeledirge, L50, F|
|poke|p1|Ceruledge, L50, F|
|poke|p2|Terapagos, L50, M|
|poke|p2|Glimmora, L50, M|
|poke|p2|Flutter Mane, L50|
|poke|p2|Urshifu-*, L50, M|
|poke|p2|Rillaboom, L50, M|
|poke|p2|Heatran, L50, F|
|teampreview|3
|inactive|Battle timer is ON: inactive players will automatically lose when time's up. (requested by Sosuke0723)
|inactive|chochanwook has 60 seconds left.
|
|t:|1740623545
|start
|switch|p1a: 재생독|Toxapex, L50, M|100/100
|switch|p2a: Glimmora|Glimmora, L50, M|100/100
|turn|1
|
|t:|1740623565
|move|p2a: Glimmora|Stealth Rock|p1a: 재생독
|-sidestart|p1: chochanwook|move: Stealth Rock
|move|p1a: 재생독|Toxic Spikes|p2a: Glimmora
|-sidestart|p2: Sosuke0723|move: Toxic Spikes
|
|upkeep
|turn|2
|
|t:|1740623577
|move|p2a: Glimmora|Mortal Spin|p1a: 재생독
|-resisted|p1a: 재생독
|-damage|p1a: 재생독|99/100
|-sideend|p2: Sosuke0723|Toxic Spikes|[from] move: Mortal Spin|[of] p2a: Glimmora
|move|p1a: 재생독|Infestation|p2a: Glimmora
|-resisted|p2a: Glimmora
|-damage|p2a: Glimmora|99/100
|-activate|p2a: Glimmora|move: Infestation|[of] p1a: 재생독
|
|-heal|p1a: 재생독|100/100|[from] item: Black Sludge
|-damage|p2a: Glimmora|87/100|[from] move: Infestation|[partiallytrapped]
|upkeep
|turn|3
|
|t:|1740623594
|move|p2a: Glimmora|Memento|p1a: 재생독
|-unboost|p1a: 재생독|atk|2
|-unboost|p1a: 재생독|spa|2
|faint|p2a: Glimmora
|move|p1a: 재생독|Toxic Spikes|p2: Glimmora
|-sidestart|p2: Sosuke0723|move: Toxic Spikes
|
|upkeep
|
|t:|1740623604
|switch|p2a: Terapagos|Terapagos, L50, M|100/100
|-activate|p2a: Terapagos|ability: Tera Shift
|detailschange|p2a: Terapagos|Terapagos-Terastal, L50, M
|-heal|p2a: Terapagos|100/100|[silent]
|-status|p2a: Terapagos|psn
|turn|4
|
|t:|1740623622
|move|p2a: Terapagos|Calm Mind|p2a: Terapagos
|-boost|p2a: Terapagos|spa|1
|-boost|p2a: Terapagos|spd|1
|move|p1a: 재생독|Infestation|p2a: Terapagos
|-activate|p2a: Terapagos|ability: Tera Shell
|-resisted|p2a: Terapagos
|-damage|p2a: Terapagos|99/100 psn
|-activate|p2a: Terapagos|move: Infestation|[of] p1a: 재생독
|
|-heal|p2a: Terapagos|100/100 psn|[from] item: Leftovers
|-damage|p2a: Terapagos|88/100 psn|[from] psn
|-damage|p2a: Terapagos|76/100 psn|[from] move: Infestation|[partiallytrapped]
|upkeep
|turn|5
|inactive|chochanwook has 30 seconds left.
|
|t:|1740623647
|switch|p1a: 재생불|Ho-Oh, L50|100/100
|move|p2a: Terapagos|Rock Polish|p2a: Terapagos
|-boost|p2a: Terapagos|spe|2
|
|-heal|p2a: Terapagos|82/100 psn|[from] item: Leftovers
|-damage|p2a: Terapagos|69/100 psn|[from] psn
|-end|p2a: Terapagos|Infestation|[partiallytrapped]|[silent]
|upkeep
|turn|6
|
|t:|1740623666
|move|p2a: Terapagos|Calm Mind|p2a: Terapagos
|-boost|p2a: Terapagos|spa|1
|-boost|p2a: Terapagos|spd|1
|move|p1a: 재생불|Sacred Fire|p2a: Terapagos
|-damage|p2a: Terapagos|41/100 psn
|
|-heal|p2a: Terapagos|48/100 psn|[from] item: Leftovers
|-damage|p2a: Terapagos|35/100 psn|[from] psn
|upkeep
|turn|7
|
|t:|1740623681
|-terastallize|p2a: Terapagos|Stellar
|detailschange|p2a: Terapagos|Terapagos-Stellar, L50, M, tera:Stellar
|-heal|p2a: Terapagos|52/100 psn|[silent]
|move|p2a: Terapagos|Tera Starstorm|p1a: 재생불
|-damage|p1a: 재생불|63/100
|move|p1a: 재생불|Sacred Fire|p2a: Terapagos
|-damage|p2a: Terapagos|33/100 psn
|
|-heal|p2a: Terapagos|39/100 psn|[from] item: Leftovers
|-damage|p2a: Terapagos|26/100 psn|[from] psn
|upkeep
|turn|8
|
|t:|1740623699
|move|p2a: Terapagos|Tera Starstorm|p1a: 재생불
|-damage|p1a: 재생불|26/100
|move|p1a: 재생불|Sacred Fire|p2a: Terapagos
|-damage|p2a: Terapagos|7/100 psn
|
|-heal|p2a: Terapagos|13/100 psn|[from] item: Leftovers
|-damage|p2a: Terapagos|0 fnt|[from] psn
|faint|p2a: Terapagos
|upkeep
|
|t:|1740623715
|switch|p2a: Heatran|Heatran, L50, F|100/100
|turn|9
|inactive|Sosuke0723 has 30 seconds left.
|inactive|Sosuke0723 has 20 seconds left.
|inactive|Sosuke0723 has 15 seconds left.
|
|t:|1740623756
|switch|p1a: 재생독|Toxapex, L50, M|100/100
|-damage|p1a: 재생독|88/100|[from] Stealth Rock
|move|p2a: Heatran|Magma Storm|p1a: 재생독
|-resisted|p1a: 재생독
|-damage|p1a: 재생독|52/100
|-activate|p1a: 재생독|move: Magma Storm|[of] p2a: Heatran
|
|-heal|p1a: 재생독|58/100|[from] item: Black Sludge
|-damage|p1a: 재생독|46/100|[from] move: Magma Storm|[partiallytrapped]
|upkeep
|turn|10
|
|t:|1740623771
|move|p2a: Heatran|Magma Storm|p1a: 재생독|[miss]
|-miss|p2a: Heatran|p1a: 재생독
|move|p1a: 재생독|Recover|p1a: 재생독
|-heal|p1a: 재생독|96/100
|
|-heal|p1a: 재생독|100/100|[from] item: Black Sludge
|-damage|p1a: 재생독|88/100|[from] move: Magma Storm|[partiallytrapped]
|upkeep
|turn|11
|
|t:|1740623783
|move|p2a: Heatran|Magma Storm|p1a: 재생독
|-resisted|p1a: 재생독
|-damage|p1a: 재생독|56/100
|move|p1a: 재생독|Infestation|p2a: Heatran
|-resisted|p2a: Heatran
|-damage|p2a: Heatran|99/100
|-activate|p2a: Heatran|move: Infestation|[of] p1a: 재생독
|
|-heal|p1a: 재생독|62/100|[from] item: Black Sludge
|-damage|p2a: Heatran|88/100|[from] move: Infestation|[partiallytrapped]
|-damage|p1a: 재생독|50/100|[from] move: Magma Storm|[partiallytrapped]
|upkeep
|turn|12
|
|t:|1740623798
|move|p2a: Heatran|Magma Storm|p1a: 재생독
|-resisted|p1a: 재생독
|-damage|p1a: 재생독|14/100
|move|p1a: 재생독|Recover|p1a: 재생독
|-heal|p1a: 재생독|64/100
|
|-heal|p1a: 재생독|70/100|[from] item: Black Sludge
|-damage|p2a: Heatran|76/100|[from] move: Infestation|[partiallytrapped]
|-damage|p1a: 재생독|58/100|[from] move: Magma Storm|[partiallytrapped]
|upkeep
|turn|13
|
|t:|1740623813
|move|p2a: Heatran|Magma Storm|p1a: 재생독
|-resisted|p1a: 재생독
|-damage|p1a: 재생독|24/100
|move|p1a: 재생독|Recover|p1a: 재생독
|-heal|p1a: 재생독|74/100
|
|-heal|p1a: 재생독|80/100|[from] item: Black Sludge
|-damage|p2a: Heatran|63/100|[from] move: Infestation|[partiallytrapped]
|-end|p1a: 재생독|Magma Storm|[partiallytrapped]
|upkeep
|turn|14
|
|t:|1740623833
|switch|p1a: 재생불|Ho-Oh, L50|60/100
|move|p2a: Heatran|Magma Storm|p1a: 재생불
|-resisted|p1a: 재생불
|-damage|p1a: 재생불|42/100
|-activate|p1a: 재생불|move: Magma Storm|[of] p2a: Heatran
|
|-damage|p1a: 재생불|30/100|[from] move: Magma Storm|[partiallytrapped]
|-end|p2a: Heatran|Infestation|[partiallytrapped]|[silent]
|upkeep
|turn|15
|
|t:|1740623843
|move|p1a: 재생불|Recover|p1a: 재생불
|-heal|p1a: 재생불|80/100
|move|p2a: Heatran|Magma Storm|p1a: 재생불|[miss]
|-miss|p2a: Heatran|p1a: 재생불
|
|-damage|p1a: 재생불|68/100|[from] move: Magma Storm|[partiallytrapped]
|upkeep
|turn|16
|
|t:|1740623861
|move|p1a: 재생불|Recover|p1a: 재생불
|-heal|p1a: 재생불|100/100
|move|p2a: Heatran|Magma Storm|p1a: 재생불
|-resisted|p1a: 재생불
|-damage|p1a: 재생불|82/100
|
|-damage|p1a: 재생불|70/100|[from] move: Magma Storm|[partiallytrapped]
|upkeep
|turn|17
|
|t:|1740623872
|move|p1a: 재생불|Recover|p1a: 재생불
|-heal|p1a: 재생불|100/100
|-activate|p2a: Heatran|move: Struggle
|move|p2a: Heatran|Struggle|p1a: 재생불
|-damage|p1a: 재생불|92/100
|-damage|p2a: Heatran|39/100|[from] recoil
|
|-damage|p1a: 재생불|80/100|[from] move: Magma Storm|[partiallytrapped]
|upkeep
|turn|18
|-message|Sosuke0723 forfeited.
|
|win|chochanwook
|raw|chochanwook's rating: 1396 &rarr; <strong>1406<\/strong><br />(+10 for winning)
|raw|Sosuke0723's rating: 1208 &rarr; <strong>1195<\/strong><br />(-13 for losing)
|l|☆chochanwook
|player|p1|

</script>
<script type="application/json" class="data" id="replaydata-gen9bssregg-2308689663">
{"id":"gen9bssregg-2308689663","format":"[Gen 9] BSS Reg G","players":["chochanwook","Sosuke0723"],"uploadtime":1740624153,"views":1,"formatid":"gen9bssregg","rating":1195,"private":0,"password":null}
</script>

<script defer="" src="js/replays.js?dd856472"></script>
<iframe name="googlefcPresent" style="display: none; width: 0px; height: 0px; border: none; z-index: -1000; left: -1000px; top: -1000px;"></iframe><iframe marginwidth="0" marginheight="0" scrolling="no" frameborder="0" id="102ef4ef29f515" width="0" height="0" src="about:blank" name="__pb_locator__" style="display: none; height: 0px; width: 0px; border: 0px;"></iframe><iframe name="__tcfapiLocator" src="about:blank" style="display: none; width: 0px; height: 0px; border: none; z-index: -1000; left: -1000px; top: -1000px;"></iframe><iframe name="__uspapiLocator" src="about:blank" style="display: none; width: 0px; height: 0px; border: none; z-index: -1000; left: -1000px; top: -1000px;"></iframe><iframe name="__gppLocator" src="about:blank" style="display: none; width: 0px; height: 0px; border: none; z-index: -1000; left: -1000px; top: -1000px;"></iframe><iframe name="googlefcInactive" src="about:blank" style="display: none; width: 0px; height: 0px; border: none; z-index: -1000; left: -1000px; top: -1000px;"></iframe><iframe name="googlefcLoaded" src="about:blank" style="display: none; width: 0px; height: 0px; border: none; z-index: -1000; left: -1000px; top: -1000px;"></iframe><iframe src="https://s.amazon-adsystem.com/iu3?cm3ppd=1&amp;d=dtb-pub&amp;csif=t&amp;dl=n-mediagrid_an-db5" sandbox="allow-forms allow-pointer-lock allow-popups allow-popups-to-escape-sandbox allow-same-origin allow-scripts allow-top-navigation-by-user-activation allow-presentation" style="display: none;"></iframe><iframe src="https://www.google.com/recaptcha/api2/aframe" width="0" height="0" style="display: none;"></iframe><iframe name="google_ads_top_frame" id="google_ads_top_frame" sandbox="allow-forms allow-pointer-lock allow-popups allow-popups-to-escape-sandbox allow-same-origin allow-scripts allow-top-navigation-by-user-activation allow-presentation" style="display: none; position: fixed; left: -999px; top: -999px; width: 0px; height: 0px;"></iframe></body><iframe name="goog_topics_frame" src="https://securepubads.g.doubleclick.net/static/topics/topics_frame.html" style="display: none;"></iframe></html>