<html class="dark"><head><script type="text/javascript" async="" src="https://cdn.edkt.io/rNn9xk/edgekit.min.js"></script><meta charset="utf-8">
<meta name="viewport" content="width=device-width">

<title>[Gen 9] BSS Reg G: Maya2017 vs. josh31717 - Replays - Pokémon Showdown!</title>

<meta name="description" content="Watch a replay of a Pokémon battle between Maya2017 and josh31717! Format: [Gen 9] BSS Reg G; Date: Feb 27, 2025">
<!--

Hey, you! Looking in the source for the replay log?

You can find them in JSON format, just add `.json` at the end of a replay URL.

https://replay.pokemonshowdown.com/gen7randomdoublesbattle-865046831.json

Or, if you only need the log itself, add `.log` instead:

https://replay.pokemonshowdown.com/gen7randomdoublesbattle-865046831.log

-->

<link rel="stylesheet" href="//pokemonshowdown.com/style/global.css?0.33511372851231">
<link rel="stylesheet" href="//play.pokemonshowdown.com/style/font-awesome.css?0.5883895382621385">
<link rel="stylesheet" href="//play.pokemonshowdown.com/style/battle.css?0.10240648377952621">
<link rel="stylesheet" href="//play.pokemonshowdown.com/style/utilichart.css?0.5738233469631782">

<!-- Global site tag (gtag.js) - Google Analytics -->
<script async="" src="https://secure.cdn.fastclick.net/js/cnvr-coreid/latest/coreid.min.js"></script><script async="" src="https://secure.cdn.fastclick.net/js/cnvr-launcher/latest/launcher.min.js"></script><script src="https://cdn.hadronid.net/hadron.js?url=https%3A%2F%2Freplay.pokemonshowdown.com%2Fgen9bssregg-2308612235&amp;ref=&amp;_it=amazon&amp;partner_id=288"></script><script src="https://rules.quantcount.com/rules-p-Hwnr8j7tWA3Nu.js" async=""></script><script type="text/javascript" async="" src="https://www.google-analytics.com/analytics.js"></script><script type="text/javascript" async="" src="https://www.googletagmanager.com/gtag/js?id=G-8B1DJVGJ9K&amp;l=dataLayer&amp;cx=c&amp;gtm=457e52o0za200&amp;tag_exp=101732282~101732284~102067808~102482433~102539968~102558064~102587591~102605417~102640600~102658453~102717422"></script><script async="" src="https://www.googletagmanager.com/gtag/js?id=UA-26211653-1"></script>
<script>
  window.dataLayer = window.dataLayer || [];
  function gtag(){dataLayer.push(arguments);}
  gtag('js', new Date());

  gtag('config', 'UA-26211653-1');
</script>
<!-- End Google Analytics -->
<!-- Venatus Ad Manager - Install in <HEAD> of page -->
	<script src="https://hb.vntsm.com/v3/live/ad-manager.min.js" type="text/javascript" data-site-id="642aba63ec9a7b11c3c9c1be" data-mode="scan" async=""></script>
<!-- / Venatus Ad Manager -->

<style>
	@media (max-width:820px) {
		.battle {
			margin: 0 auto;
		}
		.battle-log {
			margin: 7px auto 0;
			max-width: 640px;
			height: 300px;
			position: static;
		}
	}
	.optgroup {
		display: inline-block;
		line-height: 22px;
		font-size: 10pt;
	}
	.optgroup .button {
		height: 25px;
		padding-top: 0;
		padding-bottom: 0;
	}
	.optgroup button.button {
		padding-left: 12px;
		padding-right: 12px;
	}
	.linklist {
		list-style: none;
		margin: 0.5em 0;
		padding: 0;
	}
	.linklist li {
		padding: 2px 0;
	}
	.sidebar {
		float: left;
		width: 320px;
	}
	.bar-wrapper {
		max-width: 1100px;
		margin: 0 auto;
	}
	.bar-wrapper.has-sidebar {
		max-width: 1430px;
	}
	.mainbar {
		margin: 0;
		padding-right: 1px;
	}
	.mainbar.has-sidebar {
		margin-left: 330px;
	}
	@media (min-width: 1511px) {
		.sidebar {
			width: 400px;
		}
		.bar-wrapper.has-sidebar {
			max-width: 1510px;
		}
		.mainbar.has-sidebar {
			margin-left: 410px;
		}
	}
	.section.first-section {
		margin-top: 9px;
	}
	.blocklink small {
		white-space: normal;
	}
	.button {
		vertical-align: middle;
	}
	.replay-controls {
		padding-top: 10px;
	}
	.replay-controls h1 {
		font-size: 16pt;
		font-weight: normal;
		color: #CCC;
	}
	.pagelink {
		text-align: center;
	}
	.pagelink a {
		width: 150px;
	}
	.textbox, .button {
		font-size: 11pt;
		vertical-align: middle;
	}
	@media (max-width: 450px) {
		.button {
			font-size: 9pt;
		}
	}
</style>

<script type="text/javascript" src="https://hb.vntsm.com/v3/live/ad-manager-bundle.min.js" async=""></script><script type="text/javascript" src="https://ats.rlcdn.com/ats.js" async=""></script><script type="text/javascript" src="https://securepubads.g.doubleclick.net/tag/js/gpt.js" async=""></script><style>
          .vm-placement[data-rejected=true]>div[id^=google_ads_iframe] {
            display: none;
          }
          </style><script type="text/javascript" src="https://c.amazon-adsystem.com/aax2/apstag.js" async=""></script><script type="text/javascript" src="https://secure.quantserve.com/quant.js" async=""></script><script type="text/javascript" src="https://pub.doubleverify.com/dvtag/34896827/DV1430477/pub.js" async=""></script><meta http-equiv="origin-trial" content="AlK2UR5SkAlj8jjdEc9p3F3xuFYlF6LYjAML3EOqw1g26eCwWPjdmecULvBH5MVPoqKYrOfPhYVL71xAXI1IBQoAAAB8eyJvcmlnaW4iOiJodHRwczovL2RvdWJsZWNsaWNrLm5ldDo0NDMiLCJmZWF0dXJlIjoiV2ViVmlld1hSZXF1ZXN0ZWRXaXRoRGVwcmVjYXRpb24iLCJleHBpcnkiOjE3NTgwNjcxOTksImlzU3ViZG9tYWluIjp0cnVlfQ=="><meta http-equiv="origin-trial" content="Amm8/NmvvQfhwCib6I7ZsmUxiSCfOxWxHayJwyU1r3gRIItzr7bNQid6O8ZYaE1GSQTa69WwhPC9flq/oYkRBwsAAACCeyJvcmlnaW4iOiJodHRwczovL2dvb2dsZXN5bmRpY2F0aW9uLmNvbTo0NDMiLCJmZWF0dXJlIjoiV2ViVmlld1hSZXF1ZXN0ZWRXaXRoRGVwcmVjYXRpb24iLCJleHBpcnkiOjE3NTgwNjcxOTksImlzU3ViZG9tYWluIjp0cnVlfQ=="><meta http-equiv="origin-trial" content="A9wSqI5i0iwGdf6L1CERNdmsTPgVu44ewj8QxTBYgsv1LCPUVF7YmWOvTappqB1139jAymxUW/RO8zmMqo4zlAAAAACNeyJvcmlnaW4iOiJodHRwczovL2RvdWJsZWNsaWNrLm5ldDo0NDMiLCJmZWF0dXJlIjoiRmxlZGdlQmlkZGluZ0FuZEF1Y3Rpb25TZXJ2ZXIiLCJleHBpcnkiOjE3MzY4MTI4MDAsImlzU3ViZG9tYWluIjp0cnVlLCJpc1RoaXJkUGFydHkiOnRydWV9"><meta http-equiv="origin-trial" content="A+d7vJfYtay4OUbdtRPZA3y7bKQLsxaMEPmxgfhBGqKXNrdkCQeJlUwqa6EBbSfjwFtJWTrWIioXeMW+y8bWAgQAAACTeyJvcmlnaW4iOiJodHRwczovL2dvb2dsZXN5bmRpY2F0aW9uLmNvbTo0NDMiLCJmZWF0dXJlIjoiRmxlZGdlQmlkZGluZ0FuZEF1Y3Rpb25TZXJ2ZXIiLCJleHBpcnkiOjE3MzY4MTI4MDAsImlzU3ViZG9tYWluIjp0cnVlLCJpc1RoaXJkUGFydHkiOnRydWV9"><script src="https://securepubads.g.doubleclick.net/pagead/managed/js/gpt/m202502200101/pubads_impl.js" async=""></script><link href="https://securepubads.g.doubleclick.net/pagead/managed/dict/m202502250101/gpt" rel="compression-dictionary"><script src="https://config.aps.amazon-adsystem.com/configs/70247b00-ff8f-4016-b3ab-8344daf96e09" type="text/javascript" async="async"></script><script async="" src="https://fundingchoicesmessages.google.com/i/21726375739?ers=3"></script><script src="//secure.cdn.fastclick.net/js/pubcid/latest/pubcid.min.js"></script><script src="//cdn.id5-sync.com/api/1.0/id5-api.js"></script><script type="text/javascript" async="" src="https://secure.cdn.fastclick.net/js/cnvr-launcher/latest/launcher-stub.min.js"></script><script async="" src="https://fundingchoicesmessages.google.com/f/AGSKWxXeOcHUL5l8YuIGh8C7e5aMqr4UTGUjMod6LTCELO0tXEfUvZseVLOt7LiTDGJhc8e57niyL-iQWBL-zTtpWDlnj4zFkiBL1fkUfU_iuWUwDPvrrM0_KuJKBTWKprxzwqW6b3ICIg==?fccs=W1siQUtzUm9sX3Vmck1OcjZjbnZBUFdFSEdoZzZydHNCV1ZjVDVyWVdIMFRlVVR2anE3YVFDMGp3T25ORXh1TVd6TXc5OHdmMEdITzZQVm1TUmdmZGh6ZnZpdmZqVnlseTkxWTI4SEZMQWhXY1hWMXhKbjRkeXNuV0dUQUJ2MGswdV9BUzY1czFiaG0tNmFCZ0p3MkJCN0l0R1pzR3p5LUZKSlFnPT0iXSxudWxsLG51bGwsbnVsbCxudWxsLG51bGwsWzE3NDA2NDczMTYsOTkwMDAwMDBdLG51bGwsbnVsbCxudWxsLFtudWxsLFs3XV0sImh0dHBzOi8vcmVwbGF5LnBva2Vtb25zaG93ZG93bi5jb20vZ2VuOWJzc3JlZ2ctMjMwODYxMjIzNSIsbnVsbCxbWzgsIkpUa3lxeHlFV3lzIl0sWzksImphIl0sWzIzLCIxNzQwNjQ3MDAzIl0sWzIwLCJbbnVsbCxudWxsLFszMTA4ODI0OF0sMTcsMThdIl0sWzI2LCIxOCJdLFsyNywiMTciXSxbMTksIjIiXSxbMjQsIiJdLFsyNSwiW1szMTA4ODI0OF1dIl1dXQ"></script><meta http-equiv="origin-trial" content="AxjhRadLCARYRJawRjMjq4U8V8okQvSnrBIJWdMajuEkN3/DfVAcLcFhMVrUWnOXagwlI8dQD84FwJDGj9ohqAYAAABveyJvcmlnaW4iOiJodHRwczovL2dvb2dsZWFkc2VydmljZXMuY29tOjQ0MyIsImZlYXR1cmUiOiJGZXRjaExhdGVyQVBJIiwiZXhwaXJ5IjoxNzI1NDA3OTk5LCJpc1RoaXJkUGFydHkiOnRydWV9"><script async="" src="https://fundingchoicesmessages.google.com/f/AGSKWxWLCjR17E5JTVbJ_HjhDGUn-ytd-wNxMDFGmNBeuA-KTztb5KlgxpxRrWB6ELzrLnFgHUZ9w9GWjyf4hLpbGwltvf9oXLzZNqhAgxp-uAu6RYura87VE-4DNlVzF0hRAsxBUD6OFQ==?fccs=W1siQUtzUm9sX3Vmck1OcjZjbnZBUFdFSEdoZzZydHNCV1ZjVDVyWVdIMFRlVVR2anE3YVFDMGp3T25ORXh1TVd6TXc5OHdmMEdITzZQVm1TUmdmZGh6ZnZpdmZqVnlseTkxWTI4SEZMQWhXY1hWMXhKbjRkeXNuV0dUQUJ2MGswdV9BUzY1czFiaG0tNmFCZ0p3MkJCN0l0R1pzR3p5LUZKSlFnPT0iXSxudWxsLG51bGwsbnVsbCxudWxsLG51bGwsWzE3NDA2NDczMTYsOTU4MDAwMDAwXSxudWxsLG51bGwsbnVsbCxbbnVsbCxbNyw2XSxudWxsLG51bGwsbnVsbCxudWxsLG51bGwsbnVsbCxudWxsLG51bGwsbnVsbCwxXSwiaHR0cHM6Ly9yZXBsYXkucG9rZW1vbnNob3dkb3duLmNvbS9nZW45YnNzcmVnZy0yMzA4NjEyMjM1IixudWxsLFtbOCwiSlRreXF4eUVXeXMiXSxbOSwiamEiXSxbMjMsIjE3NDA2NDcwMDMiXSxbMjAsIltudWxsLG51bGwsWzMxMDg4MjQ4XSwxNywxOF0iXSxbMjYsIjE4Il0sWzI3LCIxNyJdLFsxOSwiMiJdLFsyNCwiIl0sWzI1LCJbWzMxMDg4MjQ4XV0iXV1d"></script><script async="" src="https://fundingchoicesmessages.google.com/f/AGSKWxXC5_SpEUiZ8qAmo0BeEFTkm97KgLidgy-Wboz4V4tIfSEe9PMm-jja_eJI3X5nbV892Nhwxghmx82h8q807PHeCidMmYQEXp88dgMnmChDFB_3vCfOIhqR4SN0ZYHAAYt0W5kx2g==?fccs=W1siQUtzUm9sX3Vmck1OcjZjbnZBUFdFSEdoZzZydHNCV1ZjVDVyWVdIMFRlVVR2anE3YVFDMGp3T25ORXh1TVd6TXc5OHdmMEdITzZQVm1TUmdmZGh6ZnZpdmZqVnlseTkxWTI4SEZMQWhXY1hWMXhKbjRkeXNuV0dUQUJ2MGswdV9BUzY1czFiaG0tNmFCZ0p3MkJCN0l0R1pzR3p5LUZKSlFnPT0iXSxudWxsLG51bGwsbnVsbCxudWxsLG51bGwsWzE3NDA2NDczMTcsNzAwMDAwMDBdLG51bGwsbnVsbCxudWxsLFtudWxsLFs3LDYsMTBdLG51bGwsbnVsbCxudWxsLG51bGwsbnVsbCxudWxsLG51bGwsbnVsbCxudWxsLDFdLCJodHRwczovL3JlcGxheS5wb2tlbW9uc2hvd2Rvd24uY29tL2dlbjlic3NyZWdnLTIzMDg2MTIyMzUiLG51bGwsW1s4LCJKVGt5cXh5RVd5cyJdLFs5LCJqYSJdLFsyMywiMTc0MDY0NzAwMyJdLFsyMCwiW251bGwsbnVsbCxbMzEwODgyNDhdLDE3LDE4XSJdLFsyNiwiMTgiXSxbMjcsIjE3Il0sWzE5LCIyIl0sWzI0LCIiXSxbMjUsIltbMzEwODgyNDhdXSJdXV0"></script><script async="" src="https://fundingchoicesmessages.google.com/f/AGSKWxVrUKoklzERCyiB1IYmlATVD14fFzhawFy7kH9KmS2NcMN09k0gAinK2JY35Tm_kwsmyUsTU_R_76jVO1HIac_UPFouh1W5vH_rIpWH4depzifLxaIdVLAHd0eTKUF7ZvpwYj1bNA==?fccs=W1siQUtzUm9sX3Vmck1OcjZjbnZBUFdFSEdoZzZydHNCV1ZjVDVyWVdIMFRlVVR2anE3YVFDMGp3T25ORXh1TVd6TXc5OHdmMEdITzZQVm1TUmdmZGh6ZnZpdmZqVnlseTkxWTI4SEZMQWhXY1hWMXhKbjRkeXNuV0dUQUJ2MGswdV9BUzY1czFiaG0tNmFCZ0p3MkJCN0l0R1pzR3p5LUZKSlFnPT0iXSxudWxsLG51bGwsbnVsbCxudWxsLG51bGwsWzE3NDA2NDczMTcsMjEzMDAwMDAwXSxudWxsLG51bGwsbnVsbCxbbnVsbCxbNyw2LDEwLDldLG51bGwsMixudWxsLCJlbi1HQiIsbnVsbCxudWxsLG51bGwsbnVsbCxudWxsLDFdLCJodHRwczovL3JlcGxheS5wb2tlbW9uc2hvd2Rvd24uY29tL2dlbjlic3NyZWdnLTIzMDg2MTIyMzUiLG51bGwsW1s4LCJKVGt5cXh5RVd5cyJdLFs5LCJqYSJdLFsyMywiMTc0MDY0NzAwMyJdLFsyMCwiW251bGwsbnVsbCxbMzEwODgyNDhdLDE3LDE4XSJdLFsyNiwiMTgiXSxbMjcsIjE3Il0sWzE5LCIyIl0sWzI0LCIiXSxbMjUsIltbMzEwODgyNDhdXSJdXV0"></script></head><body><div>

	<header>
		<div class="nav-wrapper"><ul class="nav">
			<li><a class="button nav-first" href="//pokemonshowdown.com/"><img src="//pokemonshowdown.com/images/pokemonshowdownbeta.png" srcset="//pokemonshowdown.com/images/pokemonshowdownbeta.png 1x, //pokemonshowdown.com/images/pokemonshowdownbeta@2x.png 2x" alt="Pokémon Showdown" width="146" height="44"> Home</a></li>
			<li><a class="button" href="//pokemonshowdown.com/dex/">Pokédex</a></li>
			<li><a class="button cur" href="/">Replays</a></li>
			<li><a class="button" href="//pokemonshowdown.com/ladder/">Ladder</a></li>
			<li><a class="button nav-last" href="//pokemonshowdown.com/forums/">Forum</a></li>
			<li><a class="button greenbutton nav-first nav-last" href="//play.pokemonshowdown.com/">Play</a></li>
		</ul></div>
	</header>

	<div class="main" id="main"><div class="bar-wrapper"><div class="mainbar"><div style="position: relative;"><div class="battle" style="position: relative; transform: none; margin-bottom: 0px;"><div class="innerbattle"><div class="backdrop" style="display: block; opacity: 0.8; background-image: url(&quot;https://play.pokemonshowdown.com/sprites/gen6bgs/bg-city.jpg&quot;);"></div><div class="weather"></div><div class="weather"></div><div></div><div><div><img src="https://play.pokemonshowdown.com/sprites/ani/eternatus.gif" width="148" height="126" style="position:absolute;top:35px;left:154px"><img src="https://play.pokemonshowdown.com/sprites/gen5/chiyu.png" width="96" height="96" style="position:absolute;top:53px;left:230px"><img src="https://play.pokemonshowdown.com/sprites/ani/dondozo.gif" width="152" height="69" style="position:absolute;top:69px;left:252px"><img src="https://play.pokemonshowdown.com/sprites/ani/blissey.gif" width="83" height="74" style="position:absolute;top:70px;left:336px"><img src="https://play.pokemonshowdown.com/sprites/gen5/greattusk.png" width="96" height="96" style="position:absolute;top:62px;left:380px"><img src="https://play.pokemonshowdown.com/sprites/gen5/chienpao.png" width="96" height="96" style="position:absolute;top:65px;left:430px"><div style="position:absolute;top:143px;left:188px;width:80px;font-size:10px;text-align:center;color:#FFF;"><span style="text-shadow:#000 1px 1px 0,#000 1px -1px 0,#000 -1px 1px 0,#000 -1px -1px 0"><small>L</small>50</span></div><div style="position:absolute;top:146px;left:238px;width:80px;font-size:10px;text-align:center;color:#FFF;"><span style="text-shadow:#000 1px 1px 0,#000 1px -1px 0,#000 -1px 1px 0,#000 -1px -1px 0"><small>L</small>50</span></div><div style="position:absolute;top:149px;left:288px;width:80px;font-size:10px;text-align:center;color:#FFF;"><img src="https://play.pokemonshowdown.com/fx/gender-f.png" alt="F" width="7" height="10" class="pixelated" style="margin-bottom:-1px"> <span style="text-shadow:#000 1px 1px 0,#000 1px -1px 0,#000 -1px 1px 0,#000 -1px -1px 0"><small>L</small>50</span></div><div style="position:absolute;top:152px;left:338px;width:80px;font-size:10px;text-align:center;color:#FFF;"><img src="https://play.pokemonshowdown.com/fx/gender-f.png" alt="F" width="7" height="10" class="pixelated" style="margin-bottom:-1px"> <span style="text-shadow:#000 1px 1px 0,#000 1px -1px 0,#000 -1px 1px 0,#000 -1px -1px 0"><small>L</small>50</span></div><div style="position:absolute;top:155px;left:388px;width:80px;font-size:10px;text-align:center;color:#FFF;"><span style="text-shadow:#000 1px 1px 0,#000 1px -1px 0,#000 -1px 1px 0,#000 -1px -1px 0"><small>L</small>50</span></div><div style="position:absolute;top:158px;left:438px;width:80px;font-size:10px;text-align:center;color:#FFF;"><span style="text-shadow:#000 1px 1px 0,#000 1px -1px 0,#000 -1px 1px 0,#000 -1px -1px 0"><small>L</small>50</span></div></div><div></div><div></div><div><img src="https://play.pokemonshowdown.com/sprites/gen5-back/cyclizar.png" width="96" height="96" style="position:absolute;top:200px;left:100px"><img src="https://play.pokemonshowdown.com/sprites/gen5-back/koraidon.png" width="96" height="96" style="position:absolute;top:203px;left:150px"><img src="https://play.pokemonshowdown.com/sprites/ani-back/grimmsnarl.gif" width="108" height="102" style="position:absolute;top:203px;left:194px"><img src="https://play.pokemonshowdown.com/sprites/ani-back/breloom.gif" width="92" height="71" style="position:absolute;top:221px;left:252px"><img src="https://play.pokemonshowdown.com/sprites/gen5-back/fluttermane.png" width="96" height="96" style="position:absolute;top:212px;left:300px"><img src="https://play.pokemonshowdown.com/sprites/gen5-back/ironbundle.png" width="96" height="96" style="position:absolute;top:215px;left:350px"><div style="position:absolute;top:293px;left:108px;width:80px;font-size:10px;text-align:center;color:#FFF;"><img src="https://play.pokemonshowdown.com/fx/gender-f.png" alt="F" width="7" height="10" class="pixelated" style="margin-bottom:-1px"> <span style="text-shadow:#000 1px 1px 0,#000 1px -1px 0,#000 -1px 1px 0,#000 -1px -1px 0"><small>L</small>50</span></div><div style="position:absolute;top:296px;left:158px;width:80px;font-size:10px;text-align:center;color:#FFF;"><span style="text-shadow:#000 1px 1px 0,#000 1px -1px 0,#000 -1px 1px 0,#000 -1px -1px 0"><small>L</small>50</span></div><div style="position:absolute;top:299px;left:208px;width:80px;font-size:10px;text-align:center;color:#FFF;"><img src="https://play.pokemonshowdown.com/fx/gender-m.png" alt="M" width="7" height="10" class="pixelated" style="margin-bottom:-1px"> <span style="text-shadow:#000 1px 1px 0,#000 1px -1px 0,#000 -1px 1px 0,#000 -1px -1px 0"><small>L</small>50</span></div><div style="position:absolute;top:302px;left:258px;width:80px;font-size:10px;text-align:center;color:#FFF;"><img src="https://play.pokemonshowdown.com/fx/gender-f.png" alt="F" width="7" height="10" class="pixelated" style="margin-bottom:-1px"> <span style="text-shadow:#000 1px 1px 0,#000 1px -1px 0,#000 -1px 1px 0,#000 -1px -1px 0"><small>L</small>50</span></div><div style="position:absolute;top:305px;left:308px;width:80px;font-size:10px;text-align:center;color:#FFF;"><span style="text-shadow:#000 1px 1px 0,#000 1px -1px 0,#000 -1px 1px 0,#000 -1px -1px 0"><small>L</small>50</span></div><div style="position:absolute;top:308px;left:358px;width:80px;font-size:10px;text-align:center;color:#FFF;"><span style="text-shadow:#000 1px 1px 0,#000 1px -1px 0,#000 -1px 1px 0,#000 -1px -1px 0"><small>L</small>50</span></div></div></div><div role="complementary" aria-label="Active Pokemon"></div><div></div><div class="leftbar" role="complementary" aria-label="Your Team"><div class="trainer trainer-near"><strong>Maya2017</strong><div class="trainersprite" title="Rating: 1105" style="background-image:url(https://play.pokemonshowdown.com/sprites/trainers/veteran.png)"></div><div class="teamicons"><span class="picon has-tooltip" data-tooltip="pokemon|0|0" style="background:transparent url(https://play.pokemonshowdown.com/sprites/pokemonicons-sheet.png?v18) no-repeat scroll -280px -2400px;opacity:0.6" aria-label="Cyclizar"></span><span class="picon has-tooltip" data-tooltip="pokemon|0|1" style="background:transparent url(https://play.pokemonshowdown.com/sprites/pokemonicons-sheet.png?v18) no-repeat scroll -440px -2490px;opacity:0.6" aria-label="Koraidon"></span><span class="picon has-tooltip" data-tooltip="pokemon|0|2" style="background:transparent url(https://play.pokemonshowdown.com/sprites/pokemonicons-sheet.png?v18) no-repeat scroll -360px -2130px;opacity:0.6" aria-label="Grimmsnarl"></span></div><div class="teamicons"><span class="picon has-tooltip" data-tooltip="pokemon|0|3" style="background:transparent url(https://play.pokemonshowdown.com/sprites/pokemonicons-sheet.png?v18) no-repeat scroll -400px -690px;opacity:0.6" aria-label="Breloom"></span><span class="picon has-tooltip" data-tooltip="pokemon|0|4" style="background:transparent url(https://play.pokemonshowdown.com/sprites/pokemonicons-sheet.png?v18) no-repeat scroll -120px -2460px;opacity:0.6" aria-label="Flutter Mane"></span><span class="picon has-tooltip" data-tooltip="pokemon|0|5" style="background:transparent url(https://play.pokemonshowdown.com/sprites/pokemonicons-sheet.png?v18) no-repeat scroll -280px -2460px;opacity:0.6" aria-label="Iron Bundle"></span></div><div class="teamicons"></div></div></div><div class="rightbar" role="complementary" aria-label="Opponent's Team"><div class="trainer trainer-far"><strong>josh31717</strong><div class="trainersprite" title="Rating: 1394" style="background-image:url(https://play.pokemonshowdown.com/sprites/trainers/morty.png)"></div><div class="teamicons"><span class="picon has-tooltip" data-tooltip="pokemon|1|0" style="background:transparent url(https://play.pokemonshowdown.com/sprites/pokemonicons-sheet.png?v18) no-repeat scroll -80px -2220px;opacity:0.6" aria-label="Eternatus"></span><span class="picon has-tooltip" data-tooltip="pokemon|1|1" style="background:transparent url(https://play.pokemonshowdown.com/sprites/pokemonicons-sheet.png?v18) no-repeat scroll -320px -2490px;opacity:0.6" aria-label="Chi-Yu"></span><span class="picon has-tooltip" data-tooltip="pokemon|1|2" style="background:transparent url(https://play.pokemonshowdown.com/sprites/pokemonicons-sheet.png?v18) no-repeat scroll -200px -2430px;opacity:0.6" aria-label="Dondozo"></span></div><div class="teamicons"><span class="picon has-tooltip" data-tooltip="pokemon|1|3" style="background:transparent url(https://play.pokemonshowdown.com/sprites/pokemonicons-sheet.png?v18) no-repeat scroll -80px -600px;opacity:0.6" aria-label="Blissey"></span><span class="picon has-tooltip" data-tooltip="pokemon|1|4" style="background:transparent url(https://play.pokemonshowdown.com/sprites/pokemonicons-sheet.png?v18) no-repeat scroll -0px -2460px;opacity:0.6" aria-label="Great Tusk"></span><span class="picon has-tooltip" data-tooltip="pokemon|1|5" style="background:transparent url(https://play.pokemonshowdown.com/sprites/pokemonicons-sheet.png?v18) no-repeat scroll -240px -2490px;opacity:0.6" aria-label="Chien-Pao"></span></div><div class="teamicons"></div></div></div><div></div><div class="messagebar message"></div><div></div><div class="message" style="position:absolute;display:block;visibility:hidden"></div><div class="tooltips"><div class="has-tooltip" style="position:absolute;top:70px;left:250px;width:80px;height:100px;" data-id="p2c" data-tooltip="activepokemon|1|2" data-ownheight="1"></div><div class="has-tooltip" style="position:absolute;top:85px;left:320px;width:90px;height:100px;" data-id="p2b" data-tooltip="activepokemon|1|1" data-ownheight="1"></div><div class="has-tooltip" style="position:absolute;top:90px;left:390px;width:100px;height:100px;" data-id="p2a" data-tooltip="activepokemon|1|0" data-ownheight="1"></div><div class="has-tooltip" style="position:absolute;top:200px;left:130px;width:120px;height:160px;" data-id="p1a" data-tooltip="activepokemon|0|0" data-ownheight="1"></div><div class="has-tooltip" style="position:absolute;top:200px;left:250px;width:150px;height:160px;" data-id="p1b" data-tooltip="activepokemon|0|1" data-ownheight="1"></div><div class="has-tooltip" style="position:absolute;top:200px;left:350px;width:150px;height:160px;" data-id="p1c" data-tooltip="activepokemon|0|2" data-ownheight="1"></div></div></div><div class="playbutton"><button name="play" class="button"><i class="fa fa-play"></i> Play</button><br><br><button name="play-muted" class="startsoundchooser button" style="font-size:10pt">Play (sound off)</button></div></div><div class="battle-log" role="log"><div class="battle-options"></div><div class="inner message-log"><div class="chat"><small>☆Maya2017 and ☆josh31717 joined</small></div><div class=""><small>Format:</small> <br><strong>[Gen 9] BSS Reg G</strong></div><div class="rated"><strong>Rated battle</strong></div><div class=""><small><em>Species Clause:</em> Limit one of each Pokémon</small></div><div class=""><small><em>Item Clause:</em> Limit 1 of each item</small></div><div class="chat battle-history"><strong>Maya2017's team:</strong> <em style="color:#445566;display:block;">Cyclizar / Koraidon / Grimmsnarl / Breloom / Flutter Mane / Iron Bundle</em></div><div class="chat battle-history"><strong>josh31717's team:</strong> <em style="color:#445566;display:block;">Eternatus / Chi-Yu / Dondozo / Blissey / Great Tusk / Chien-Pao</em></div></div><div class="inner-preempt message-log"></div></div><div class="replay-controls"><p><button class="button" style="width: 5em; margin-right: 3px;"><i class="fa fa-play"></i><br><strong>Play</strong></button> <button class="button button-first" disabled=""><i class="fa fa-fast-backward"></i><br>First turn</button><button class="button button-first" disabled="" style="margin-left: 1px; position: relative; z-index: 1;"><i class="fa fa-step-backward"></i><br>Prev turn</button><button class="button button-last" style="margin-right: 2px;"><i class="fa fa-step-forward"></i><br>Skip turn</button><button class="button button-last"><i class="fa fa-fast-forward"></i><br>Skip to end</button> <button class="button"><i class="fa fa-repeat"></i> Go to turn...</button></p><p><label class="optgroup">Speed:<br><select name="speed" class="button"><option value="hyperfast">Hyperfast</option><option value="fast">Fast</option><option value="normal">Normal</option><option value="slow">Slow</option><option value="reallyslow">Really slow</option></select></label> <label class="optgroup">Sound:<br><select name="sound" class="button"><option value="on">On</option><option value="musicoff">Music Off</option><option value="off">Muted</option></select></label> <label class="optgroup">Dark mode:<br><select name="darkmode" class="button"><option value="auto">Automatic</option><option value="dark">Dark</option><option value="light">Light</option></select></label> <label class="optgroup">Viewpoint:<br><button name="viewpoint" class="button">Maya2017 <i class="fa fa-random" aria-label="Switch viewpoint"></i></button></label></p><h1><strong>[Gen 9] BSS Reg G</strong>: Maya2017 vs. josh31717</h1><p><a class="button" href="#" style="float: right;"><i class="fa fa-download" aria-hidden="true"></i> Download</a>Thu Feb 27 2025 | <em>Rating:</em> 1097</p><p><a href="." class="button"><i class="fa fa-caret-left"></i> More replays</a></p></div><div id="LeaderboardBTF"><div class="vm-placement" data-id="6452680c0b35755a3f09b59b" data-pos="1101" id="6452680c0b35755a3f09b59b-1101" data-reg="true" data-rejected="true" style="background: none; position: relative; overflow: hidden; margin: 0px auto; max-width: 970px; width: 970px; height: 250px;" data-google-query-id="CPOxwsjA44sDFS_vTAId4sENnQ"><div id="google_ads_iframe_/21726375739,22916103450/VM_642aba63ec9a7b11c3c9c1be/VM_6452680c0b35755a3f09b59b_0__container__" style="border: 0pt none; display: none;"><iframe id="google_ads_iframe_/21726375739,22916103450/VM_642aba63ec9a7b11c3c9c1be/VM_6452680c0b35755a3f09b59b_0" name="google_ads_iframe_/21726375739,22916103450/VM_642aba63ec9a7b11c3c9c1be/VM_6452680c0b35755a3f09b59b_0" title="3rd party ad content" width="300" height="250" scrolling="no" marginwidth="0" marginheight="0" frameborder="0" aria-label="Advertisement" tabindex="0" allow="private-state-token-redemption;attribution-reporting" sandbox="allow-forms allow-pointer-lock allow-popups allow-popups-to-escape-sandbox allow-same-origin allow-scripts allow-top-navigation-by-user-activation allow-presentation" data-load-complete="true" style="border: 0px; vertical-align: bottom; display: none;" data-google-container-id="1"></iframe></div><iframe width="970" height="250" allowtransparency="true" marginheight="0" marginwidth="0" scrolling="no" frameborder="0" src="javascript:window.parent%5B%22fe8280e7-6c06-1ba0-aa10-98f705c01589%22%5D.run(%7Bwnd%3Awindow%2Csjs%3A%22javascript%3A'%3Chtml%3E%3Cbody%3E%3C%2Fbody%3E%3C%2Fhtml%3E'%22%7D)" sandbox="allow-forms allow-pointer-lock allow-popups allow-popups-to-escape-sandbox allow-same-origin allow-scripts allow-top-navigation-by-user-activation allow-presentation" style="display: block;"></iframe></div></div></div></div><div style="clear: both;"></div></div>

		<noscript><section class="section">You need to enable JavaScript to use this page; sorry!</section></noscript>

	</div>

</div>

<script defer="" nomodule="" src="//play.pokemonshowdown.com/js/lib/ps-polyfill.js"></script>
<script defer="" src="//play.pokemonshowdown.com/js/lib/preact.min.js"></script>

<script defer="" src="//play.pokemonshowdown.com/config/config.js?c26401c5"></script>
<script defer="" src="//play.pokemonshowdown.com/js/lib/jquery-1.11.0.min.js"></script>
<script defer="" src="//play.pokemonshowdown.com/js/lib/html-sanitizer-minified.js"></script>
<script defer="" src="//play.pokemonshowdown.com/js/battle-sound.js"></script>
<script defer="" src="//play.pokemonshowdown.com/js/battledata.js?0.14832469279025817"></script>
<script defer="" src="//play.pokemonshowdown.com/data/pokedex-mini.js?0.33945589529368037"></script>
<script defer="" src="//play.pokemonshowdown.com/data/pokedex-mini-bw.js?0.8023830347061633"></script>
<script defer="" src="//play.pokemonshowdown.com/data/graphics.js?0.41044878336296287"></script>
<script defer="" src="//play.pokemonshowdown.com/data/pokedex.js?0.9954804604281977"></script>
<script defer="" src="//play.pokemonshowdown.com/data/moves.js?0.28615866532549594"></script>
<script defer="" src="//play.pokemonshowdown.com/data/abilities.js?0.4808802365093021"></script>
<script defer="" src="//play.pokemonshowdown.com/data/items.js?0.0757413065159036"></script>
<script defer="" src="//play.pokemonshowdown.com/data/teambuilder-tables.js?0.46076668685013433"></script>
<script defer="" src="//play.pokemonshowdown.com/js/battle-tooltips.js?0.6477502301672804"></script>
<script defer="" src="//play.pokemonshowdown.com/js/battle.js?0.04130039862680368"></script>

<script defer="" src="js/utils.js?0abca7ba"></script>
<script defer="" src="js/replays-battle.js?208ecb6b"></script>

<!-- don't scrape this data! just add .json or .log after the URL!
Full API docs: https://github.com/smogon/pokemon-showdown-client/blob/master/WEB-API.md -->
<script type="text/plain" class="log" id="replaylog-gen9bssregg-2308612235">
|j|☆Maya2017
|j|☆josh31717
|t:|1740613732
|gametype|singles
|player|p1|Maya2017|veteran|1105
|player|p2|josh31717|morty|1394
|teamsize|p1|6
|teamsize|p2|6
|gen|9
|tier|[Gen 9] BSS Reg G
|rated|
|rule|Species Clause: Limit one of each Pokémon
|rule|Item Clause: Limit 1 of each item
|clearpoke
|poke|p1|Cyclizar, L50, F|
|poke|p1|Koraidon, L50|
|poke|p1|Grimmsnarl, L50, M|
|poke|p1|Breloom, L50, F|
|poke|p1|Flutter Mane, L50|
|poke|p1|Iron Bundle, L50|
|poke|p2|Eternatus, L50|
|poke|p2|Chi-Yu, L50|
|poke|p2|Dondozo, L50, F|
|poke|p2|Blissey, L50, F|
|poke|p2|Great Tusk, L50|
|poke|p2|Chien-Pao, L50|
|teampreview|3
|inactive|Battle timer is ON: inactive players will automatically lose when time's up. (requested by Maya2017)
|
|t:|1740613833
|start
|switch|p1a: Grimmsnarl|Grimmsnarl, L50, M, shiny|100/100
|switch|p2a: Eternatus|Eternatus, L50|100/100
|-ability|p2a: Eternatus|Pressure
|turn|1
|
|t:|1740613841
|move|p1a: Grimmsnarl|Light Screen|p1a: Grimmsnarl
|-sidestart|p1: Maya2017|move: Light Screen
|move|p2a: Eternatus|Cosmic Power|p2a: Eternatus
|-boost|p2a: Eternatus|def|1
|-boost|p2a: Eternatus|spd|1
|
|upkeep
|turn|2
|
|t:|1740613864
|move|p1a: Grimmsnarl|Parting Shot|p2a: Eternatus
|-unboost|p2a: Eternatus|atk|1
|-unboost|p2a: Eternatus|spa|1
|
|t:|1740613868
|switch|p1a: Koraidon|Koraidon, L50|100/100|[from] Parting Shot
|-weather|SunnyDay|[from] ability: Orichalcum Pulse|[of] p1a: Koraidon
|-activate|p1a: Koraidon|Orichalcum Pulse|[source]
|move|p2a: Eternatus|Cosmic Power|p2a: Eternatus
|-boost|p2a: Eternatus|def|1
|-boost|p2a: Eternatus|spd|1
|
|-weather|SunnyDay|[upkeep]
|upkeep
|turn|3
|c|☆josh31717|sorry I was a little distracted Im back now
|
|t:|1740613889
|-terastallize|p1a: Koraidon|Fire
|-terastallize|p2a: Eternatus|Flying
|move|p1a: Koraidon|Swords Dance|p1a: Koraidon
|-boost|p1a: Koraidon|atk|2
|move|p2a: Eternatus|Cosmic Power|p2a: Eternatus
|-boost|p2a: Eternatus|def|1
|-boost|p2a: Eternatus|spd|1
|
|-weather|SunnyDay|[upkeep]
|upkeep
|turn|4
|
|t:|1740613904
|move|p1a: Koraidon|Swords Dance|p1a: Koraidon
|-boost|p1a: Koraidon|atk|2
|move|p2a: Eternatus|Cosmic Power|p2a: Eternatus
|-boost|p2a: Eternatus|def|1
|-boost|p2a: Eternatus|spd|1
|
|-weather|SunnyDay|[upkeep]
|upkeep
|turn|5
|
|t:|1740613912
|move|p1a: Koraidon|Flare Blitz|p2a: Eternatus
|-damage|p2a: Eternatus|6/100
|-damage|p1a: Koraidon|57/100|[from] Recoil
|move|p2a: Eternatus|Cosmic Power|p2a: Eternatus
|-boost|p2a: Eternatus|def|1
|-boost|p2a: Eternatus|spd|1
|
|-weather|SunnyDay|[upkeep]
|-heal|p2a: Eternatus|12/100|[from] item: Leftovers
|upkeep
|turn|6
|
|t:|1740613924
|move|p1a: Koraidon|Flare Blitz|p2a: Eternatus
|-damage|p2a: Eternatus|0 fnt
|faint|p2a: Eternatus
|-damage|p1a: Koraidon|52/100|[from] Recoil
|
|-weather|none
|upkeep
|
|t:|1740613930
|switch|p2a: Great Tusk|Great Tusk, L50|100/100
|turn|7
|
|t:|1740613937
|move|p1a: Koraidon|Collision Course|p2a: Great Tusk
|-damage|p2a: Great Tusk|6/100
|-enditem|p2a: Great Tusk|Sitrus Berry|[eat]
|-heal|p2a: Great Tusk|31/100|[from] item: Sitrus Berry
|move|p2a: Great Tusk|Headlong Rush|p1a: Koraidon
|-supereffective|p1a: Koraidon
|-damage|p1a: Koraidon|0 fnt
|-unboost|p2a: Great Tusk|def|1
|-unboost|p2a: Great Tusk|spd|1
|faint|p1a: Koraidon
|
|upkeep
|
|t:|1740613951
|switch|p1a: Iron Bundle|Iron Bundle, L50|100/100
|-enditem|p1a: Iron Bundle|Booster Energy
|-activate|p1a: Iron Bundle|ability: Quark Drive|[fromitem]
|-start|p1a: Iron Bundle|quarkdrivespe
|turn|8
|
|t:|1740613959
|move|p1a: Iron Bundle|Freeze-Dry|p2a: Great Tusk
|-supereffective|p2a: Great Tusk
|-damage|p2a: Great Tusk|0 fnt
|faint|p2a: Great Tusk
|-end|p2a: Great Tusk|Protosynthesis|[silent]
|
|-sideend|p1: Maya2017|move: Light Screen
|upkeep
|
|t:|1740613961
|switch|p2a: Blissey|Blissey, L50, F|100/100
|turn|9
|
|t:|1740613970
|-end|p1a: Iron Bundle|Quark Drive|[silent]
|switch|p1a: Grimmsnarl|Grimmsnarl, L50, M, shiny|100/100
|move|p2a: Blissey|Defense Curl|p2a: Blissey
|-boost|p2a: Blissey|def|1
|
|upkeep
|turn|10
|
|t:|1740613977
|move|p1a: Grimmsnarl|Spirit Break|p2a: Blissey
|-damage|p2a: Blissey|81/100
|-unboost|p2a: Blissey|spa|1
|move|p2a: Blissey|Defense Curl|p2a: Blissey
|-boost|p2a: Blissey|def|1
|
|upkeep
|turn|11
|
|t:|1740613985
|move|p1a: Grimmsnarl|Spirit Break|p2a: Blissey
|-damage|p2a: Blissey|66/100
|-unboost|p2a: Blissey|spa|1
|move|p2a: Blissey|Defense Curl|p2a: Blissey
|-boost|p2a: Blissey|def|1
|
|upkeep
|turn|12
|
|t:|1740613993
|move|p1a: Grimmsnarl|Spirit Break|p2a: Blissey
|-damage|p2a: Blissey|54/100
|-unboost|p2a: Blissey|spa|1
|move|p2a: Blissey|Defense Curl|p2a: Blissey
|-boost|p2a: Blissey|def|1
|
|upkeep
|turn|13
|
|t:|1740614000
|move|p1a: Grimmsnarl|Spirit Break|p2a: Blissey
|-damage|p2a: Blissey|44/100
|-unboost|p2a: Blissey|spa|1
|move|p2a: Blissey|Soft-Boiled|p2a: Blissey
|-heal|p2a: Blissey|94/100
|
|upkeep
|turn|14
|
|t:|1740614008
|move|p1a: Grimmsnarl|Spirit Break|p2a: Blissey
|-damage|p2a: Blissey|83/100
|-unboost|p2a: Blissey|spa|1
|move|p2a: Blissey|Defense Curl|p2a: Blissey
|-boost|p2a: Blissey|def|1
|
|upkeep
|turn|15
|
|t:|1740614017
|move|p1a: Grimmsnarl|Spirit Break|p2a: Blissey
|-damage|p2a: Blissey|74/100
|-unboost|p2a: Blissey|spa|1
|move|p2a: Blissey|Defense Curl|p2a: Blissey
|-boost|p2a: Blissey|def|1
|
|upkeep
|turn|16
|
|t:|1740614025
|move|p1a: Grimmsnarl|Parting Shot|p2a: Blissey
|-unboost|p2a: Blissey|atk|1
|-unboost|p2a: Blissey|spa|0
|
|t:|1740614028
|switch|p1a: Iron Bundle|Iron Bundle, L50|100/100|[from] Parting Shot
|move|p2a: Blissey|Calm Mind|p2a: Blissey
|-boost|p2a: Blissey|spa|1
|-boost|p2a: Blissey|spd|1
|
|upkeep
|turn|17
|
|t:|1740614035
|move|p1a: Iron Bundle|Freeze-Dry|p2a: Blissey
|-damage|p2a: Blissey|66/100
|move|p2a: Blissey|Calm Mind|p2a: Blissey
|-boost|p2a: Blissey|spa|1
|-boost|p2a: Blissey|spd|1
|
|upkeep
|turn|18
|
|t:|1740614043
|move|p1a: Iron Bundle|Freeze-Dry|p2a: Blissey
|-damage|p2a: Blissey|60/100
|move|p2a: Blissey|Calm Mind|p2a: Blissey
|-boost|p2a: Blissey|spa|1
|-boost|p2a: Blissey|spd|1
|
|upkeep
|turn|19
|
|t:|1740614050
|move|p1a: Iron Bundle|Freeze-Dry|p2a: Blissey
|-damage|p2a: Blissey|56/100
|move|p2a: Blissey|Calm Mind|p2a: Blissey
|-boost|p2a: Blissey|spa|1
|-boost|p2a: Blissey|spd|1
|
|upkeep
|turn|20
|
|t:|1740614056
|move|p1a: Iron Bundle|Freeze-Dry|p2a: Blissey
|-damage|p2a: Blissey|52/100
|move|p2a: Blissey|Calm Mind|p2a: Blissey
|-boost|p2a: Blissey|spa|1
|-boost|p2a: Blissey|spd|1
|
|upkeep
|turn|21
|c|☆josh31717|are we really going to play this through?
|
|t:|1740614068
|move|p1a: Iron Bundle|Freeze-Dry|p2a: Blissey
|-damage|p2a: Blissey|48/100
|move|p2a: Blissey|Calm Mind|p2a: Blissey
|-boost|p2a: Blissey|spa|1
|-boost|p2a: Blissey|spd|1
|
|upkeep
|turn|22
|
|t:|1740614075
|move|p1a: Iron Bundle|Freeze-Dry|p2a: Blissey
|-damage|p2a: Blissey|45/100
|move|p2a: Blissey|Soft-Boiled|p2a: Blissey
|-heal|p2a: Blissey|95/100
|
|upkeep
|turn|23
|
|t:|1740614091
|move|p1a: Iron Bundle|Freeze-Dry|p2a: Blissey
|-damage|p2a: Blissey|92/100
|move|p2a: Blissey|Calm Mind|p2a: Blissey
|-boost|p2a: Blissey|spa|1
|-boost|p2a: Blissey|spd|0
|
|upkeep
|turn|24
|
|t:|1740614098
|move|p1a: Iron Bundle|Freeze-Dry|p2a: Blissey
|-damage|p2a: Blissey|89/100
|move|p2a: Blissey|Calm Mind|p2a: Blissey
|-boost|p2a: Blissey|spa|1
|-boost|p2a: Blissey|spd|0
|
|upkeep
|turn|25
|
|t:|1740614105
|move|p1a: Iron Bundle|Freeze-Dry|p2a: Blissey
|-damage|p2a: Blissey|86/100
|move|p2a: Blissey|Calm Mind|p2a: Blissey
|-boost|p2a: Blissey|spa|1
|-boost|p2a: Blissey|spd|0
|
|upkeep
|turn|26
|c|☆josh31717|r u having fun?
|
|t:|1740614114
|move|p1a: Iron Bundle|Freeze-Dry|p2a: Blissey
|-crit|p2a: Blissey
|-damage|p2a: Blissey|70/100
|move|p2a: Blissey|Calm Mind|p2a: Blissey
|-boost|p2a: Blissey|spa|1
|-boost|p2a: Blissey|spd|0
|
|upkeep
|turn|27
|
|t:|1740614122
|move|p1a: Iron Bundle|Freeze-Dry|p2a: Blissey
|-damage|p2a: Blissey|67/100
|move|p2a: Blissey|Calm Mind|p2a: Blissey
|-boost|p2a: Blissey|spa|1
|-boost|p2a: Blissey|spd|0
|
|upkeep
|turn|28
|
|t:|1740614128
|move|p1a: Iron Bundle|Freeze-Dry|p2a: Blissey
|-damage|p2a: Blissey|64/100
|move|p2a: Blissey|Calm Mind|p2a: Blissey
|-boost|p2a: Blissey|spa|1
|-boost|p2a: Blissey|spd|0
|
|upkeep
|turn|29
|
|t:|1740614138
|move|p1a: Iron Bundle|Freeze-Dry|p2a: Blissey
|-damage|p2a: Blissey|61/100
|move|p2a: Blissey|Soft-Boiled|p2a: Blissey
|-heal|p2a: Blissey|100/100
|
|upkeep
|turn|30
|
|t:|1740614144
|move|p1a: Iron Bundle|Freeze-Dry|p2a: Blissey
|-damage|p2a: Blissey|97/100
|move|p2a: Blissey|Dazzling Gleam|p1a: Iron Bundle
|-damage|p1a: Iron Bundle|0 fnt
|faint|p1a: Iron Bundle
|-end|p1a: Iron Bundle|Quark Drive|[silent]
|
|upkeep
|
|t:|1740614152
|switch|p1a: Grimmsnarl|Grimmsnarl, L50, M, shiny|100/100
|turn|31
|
|t:|1740614156
|move|p1a: Grimmsnarl|Spirit Break|p2a: Blissey
|-damage|p2a: Blissey|89/100
|-unboost|p2a: Blissey|spa|1
|move|p2a: Blissey|Dazzling Gleam|p1a: Grimmsnarl
|-supereffective|p1a: Grimmsnarl
|-damage|p1a: Grimmsnarl|8/100
|
|upkeep
|turn|32
|
|t:|1740614165
|move|p1a: Grimmsnarl|Spirit Break|p2a: Blissey
|-damage|p2a: Blissey|82/100
|-unboost|p2a: Blissey|spa|1
|move|p2a: Blissey|Dazzling Gleam|p1a: Grimmsnarl
|-supereffective|p1a: Grimmsnarl
|-damage|p1a: Grimmsnarl|0 fnt
|faint|p1a: Grimmsnarl
|
|win|josh31717
|raw|Maya2017's rating: 1105 &rarr; <strong>1097<\/strong><br />(-8 for losing)
|raw|josh31717's rating: 1394 &rarr; <strong>1400<\/strong><br />(+6 for winning)
|c|☆josh31717|cool thanks
|l|☆josh31717
|player|p2|
|l|☆Maya2017
|player|p1|

</script>
<script type="application/json" class="data" id="replaydata-gen9bssregg-2308612235">
{"id":"gen9bssregg-2308612235","format":"[Gen 9] BSS Reg G","players":["Maya2017","josh31717"],"uploadtime":1740614480,"views":1,"formatid":"gen9bssregg","rating":1097,"private":0,"password":null}
</script>

<script defer="" src="js/replays.js?dd856472"></script>
<iframe name="googlefcPresent" style="display: none; width: 0px; height: 0px; border: none; z-index: -1000; left: -1000px; top: -1000px;"></iframe><iframe marginwidth="0" marginheight="0" scrolling="no" frameborder="0" id="1a1ab0fc15e688" width="0" height="0" src="about:blank" name="__pb_locator__" style="display: none; height: 0px; width: 0px; border: 0px;"></iframe><iframe name="__tcfapiLocator" src="about:blank" style="display: none; width: 0px; height: 0px; border: none; z-index: -1000; left: -1000px; top: -1000px;"></iframe><iframe name="__uspapiLocator" src="about:blank" style="display: none; width: 0px; height: 0px; border: none; z-index: -1000; left: -1000px; top: -1000px;"></iframe><iframe name="__gppLocator" src="about:blank" style="display: none; width: 0px; height: 0px; border: none; z-index: -1000; left: -1000px; top: -1000px;"></iframe><iframe name="googlefcInactive" src="about:blank" style="display: none; width: 0px; height: 0px; border: none; z-index: -1000; left: -1000px; top: -1000px;"></iframe><iframe name="googlefcLoaded" src="about:blank" style="display: none; width: 0px; height: 0px; border: none; z-index: -1000; left: -1000px; top: -1000px;"></iframe><iframe src="https://s.amazon-adsystem.com/iu3?cm3ppd=1&amp;d=dtb-pub&amp;csif=t&amp;dl=n-mediagrid_an-db5" sandbox="allow-forms allow-pointer-lock allow-popups allow-popups-to-escape-sandbox allow-same-origin allow-scripts allow-top-navigation-by-user-activation allow-presentation" style="display: none;"></iframe><iframe src="https://www.google.com/recaptcha/api2/aframe" width="0" height="0" style="display: none;"></iframe><iframe name="google_ads_top_frame" id="google_ads_top_frame" sandbox="allow-forms allow-pointer-lock allow-popups allow-popups-to-escape-sandbox allow-same-origin allow-scripts allow-top-navigation-by-user-activation allow-presentation" style="display: none; position: fixed; left: -999px; top: -999px; width: 0px; height: 0px;"></iframe></body><iframe name="goog_topics_frame" src="https://securepubads.g.doubleclick.net/static/topics/topics_frame.html" style="display: none;"></iframe></html>